5534 6700
409 594 495 687 ‘aas
1038 602 1164 681 auu.
1191 605 1305 680 nen.
1331 602 1536 679 semera
1561 602 1831 709 armonica
2379 608 2460 685 m

415 782 464 856 Et
478 781 591 853 lacilis
606 781 725 851 aditus
739 788 790 846 cst
805 775 843 844 in
858 774 1093 847 Germaniam
1107 801 1151 847 ex
1168 774 1290 862 Italia,
1316 799 1409 872 quae
1461 773 1567 847 initio
1588 774 1770 860 fabulam,
1796 774 1874 847 sine
1895 787 1994 845 certo
2015 789 2142 849 autore
2165 790 2311 862 natam,
2337 779 2457 853 existi·-

417 886 452 957 ei
465 884 588 957 multis
603 882 648 954 de
662 879 777 951 causis
790 902 896 970 saepe
912 880 1078 949 adeunda
1097 879 1177 953 erit.
1229 879 1409 951 SicutCa·
1461 888 1622 949 manent:
1664 877 1856 969 diligenter
1896 877 2034 973 inquiri
2067 893 2231 951 autorem
2257 880 2455 959 iusserunt.

415 988 516 1061 rolus
530 985 697 1075 Magnus,
716 980 882 1064 Ottones,
907 980 1054 1052 Henrici
1072 982 1198 1052 crebro
1213 981 1252 1051 in
1267 980 1408 1053 Italiam
1461 980 1580 1075 Quem
1602 1004 1684 1049 rum
1703 982 1802 1051 adse
1819 993 2024 1066 vocassent,
2049 995 2141 1056 etex
2154 985 2318 1055 moribus
2333 997 2370 1055 et
2382 1010 2457 1057 ser·

415 1099 609 1161 venerunt:
645 1085 754 1167 alias,
780 1096 821 1153 ut
832 1082 1099 1155 Ecclesiasticus
1118 1085 1293 1156 tumultus
1307 1085 1409 1156 seda·
1460 1082 1629 1154 monibus
1642 1077 1802 1153 hominis
1816 1082 2029 1168 iudicarent,
2045 1108 2122 1155 non
2138 1097 2272 1157 temere
2288 1112 2373 1159 eum
2391 1083 2460 1163 has

415 1203 514 1271 rent:
546 1188 655 1273 alias,
687 1199 729 1258 nt
749 1186 970 1278 depellerent
993 1187 1185 1266 barbaros:
1227 1187 1335 1270 alias,
1369 1199 1410 1257 ut
1460 1184 1624 1256 fatidicas
1642 1208 1746 1255 voces
1759 1185 1882 1255 edere:
1909 1186 2014 1255 valde
2028 1181 2098 1257 hoc
2113 1189 2323 1259 vaticinium
2341 1189 2459 1261 admi·

416 1289 819 1374 civitatumgseditiones
841 1288 1100 1381 opprimerent.
1151 1288 1210 1359 An
1230 1289 1410 1361 existima·
1461 1287 1533 1358 rati
1546 1299 1642 1370 sunt,
1663 1287 1847 1381 multaque
1862 1289 1907 1358 de
1920 1288 2142 1380 posteritate,
2162 1289 2238 1388 et⁸)
2254 1293 2458 1365 mutatione

416 1396 462 1469 tis
475 1418 557 1467 enm
571 1418 647 1465 non
663 1404 854 1464 venturum
869 1415 956 1477 esse,
970 1404 1011 1462 ut
1023 1391 1203 1474 Austriae,
1218 1416 1310 1486 quae
1326 1415 1409 1462 vere
1461 1390 1678 1463 Germaniae
1694 1389 1860 1460 collocuti
1877 1391 2055 1464 feruntur.
2092 1390 2262 1463 Meminit
2276 1390 2366 1465 baec
2379 1397 2457 1469 sine

417 1500 452 1571 ei
474 1497 591 1592 patria
612 1508 685 1579 est,
712 1519 817 1586 opem
839 1495 953 1578 serat,
980 1519 1060 1564 cum
1080 1495 1137 1564 vel
1152 1495 1191 1564 in
1209 1493 1409 1567 Pannoniis
1460 1492 1571 1563 dubio
1587 1495 1661 1563 dux
1671 1491 1850 1563 Saxoniae
1862 1492 2080 1578 Fridericus,
2104 1494 2168 1589 qui
2184 1508 2270 1567 tunc
2285 1520 2357 1567 una
2372 1523 2454 1569 cum

416 1601 475 1672 vel
499 1600 538 1671 in
557 1600 636 1693 ipsa
658 1597 804 1670 Austris
828 1596 999 1668 'I'urcicas
1018 1596 1178 1688 legiones
1199 1596 1323 1688 vagari
1346 1620 1409 1667 au·
1460 1608 1564 1688 patre
1579 1592 1733 1666 Ernesto
1750 1595 1878 1667 adluit.

416 1701 515 1777 dist?
575 1700 638 1773 llle
667 1724 754 1769 vero
783 1723 915 1789 magno
947 1701 1070 1769 animo
1095 1713 1277 1784 accurret,
1309 1713 1351 1769 ut
1374 1711 1410 1769 et
1561 1697 1834 1789 Propemodum
1863 1710 1985 1768 autem
2015 1701 2211 1791 respondet
2235 1702 2289 1770 illi
2312 1703 2456 1793 praedi-

417 1805 575 1901 patriae,
602 1816 638 1873 et
656 1802 724 1871 toti
743 1802 822 1871 orbi
837 1797 1042 1873 Christiano
1056 1827 1161 1894 opem
1176 1804 1279 1874 ierat.
1462 1797 1573 1871 ctioni
1587 1812 1746 1871 eventus.
1795 1798 1930 1871 Audivi
1945 1800 2041 1870 enirn
2056 1813 2191 1873 attente
2207 1803 2456 1899 eloquentissi-

519 1905 642 2000 Quare
664 1906 709 1975 de
731 1904 889 1975 absentia
914 1929 994 1975 cum
1019 1905 1157 1998 cogito,
1193 1929 1265 1999 qua
1288 1917 1410 1974 mente
1462 1926 1563 1973 mum
1587 1901 1788 1995 principem
1803 1902 2081 1995 Moguntinum,
2113 1903 2281 1997 quicum
2305 1908 2457 1999 diligen·

417 2011 602 2105 praeditus
618 2007 676 2093 sit,
690 2031 878 2103 quaecum
893 2007 1052 2100 pericula
1066 2009 1304 2079 exuscitatura
1320 2007 1409 2077 sint:
1461 2002 1598 2075 tissime
1621 2004 1804 2095 collegerit
1827 2006 1969 2090 omnia,
1994 2029 2087 2101 quae
2106 2007 2212 2078 nobis
2226 2009 2266 2077 in
2282 2005 2350 2078 hac
2365 2011 2456 2079 deli·

417 2113 527 2187 etiam
549 2112 762 2185 minussum
780 2110 965 2182 sollicitus.
1016 2108 1106 2181 Fata
1124 2111 1232 2180 etiam
1250 2105 1308 2181 his
1321 2114 1411 2179 tem·
1460 2106 1648 2177 beratione
1662 2107 1914 2199 prospicienda
1928 2121 2028 2180 sunt:
2056 2121 2178 2179 tamen
2191 2112 2238 2181 ad
2252 2123 2453 2183 extremum

416 2216 567 2311 poribus
598 2212 817 2306 promittunt
848 2211 1104 2283 Germanicum
1138 2210 1411 2305 Imperatorem,
1461 2204 1533 2279 hoc
1564 2223 1683 2280 censet
1713 2210 1944 2281 utilissimum
1970 2235 2044 2283 esse
2071 2212 2153 2281 orbi
2178 2224 2380 2299 terrarum,
2412 2226 2454 2285 nt

418 2318 483 2415 qui
510 2316 665 2387 maiores
696 2314 942 2406 magnitudine
972 2316 1154 2407 potentiae
1178 2327 1411 2407 superaturus
1463 2312 1691 2404 peregrinum
1707 2309 1967 2405 Imperatorem
1983 2338 2221 2387 accersamus:
2247 2318 2285 2386 id
2299 2317 2332 2387 si
2345 2317 2455 2387 fatale

417 2422 476 2495 sit.
526 2417 575 2490 Et
589 2418 729 2489 addunt
743 2418 893 2487 alteram
909 2418 1052 2488 laudem
1067 2418 1183 2489 multo
1196 2417 1409 2509 gratiorem:
1463 2427 1535 2499 est,
1560 2417 1692 2486 frustra
1716 2439 1970 2508 repugnamus.
2021 2416 2092 2487 Sed
2116 2418 2206 2489 illud
2229 2420 2363 2503 miror,
2391 2444 2456 2490 cur

416 2525 598 2605 futurum,
622 2532 665 2591 ut
685 2518 848 2591 bonitate
871 2533 906 2590 et
925 2520 1112 2591 clementia
1134 2532 1279 2612 praeter
1297 2531 1412 2589 caete·
1462 2517 1538 2609 ipse
1560 2516 1761 2609 Hispanum
1786 2520 1961 2589 anteierat
1981 2518 2100 2592 Gallo.
2151 2519 2296 2613 Quain
2316 2522 2360 2591 're
2381 2523 2455 2612 pri·

418 2648 481 2697 ros
500 2648 600 2716 reges
623 2622 791 2706 excellat,
816 2646 884 2692 nec
906 2622 1018 2692 alium
1040 2623 1111 2693 nisi
1125 2622 1317 2705 Carolum,
1349 2645 1412 2691 va·
1463 2644 1563 2689 mum
1589 2615 1680 2689 mihi
1706 2621 1929 2713 deploranda
1961 2634 2014 2693 est
2038 2621 2256 2695 Germaniae
2281 2625 2454 2697 conditio.

419 2727 561 2799 ticinor.
626 2725 748 2819 Quare
779 2737 887 2817 opto,
920 2737 962 2796 ut
989 2724 1089 2797 Deus
1118 2722 1314 2817 Imperium
1342 2723 1413 2816 ipsi
1463 2718 1564 2795 Nihil
1588 2723 1694 2794 nobis
1719 2724 1873 2795 externis
1898 2724 2105 2817 praesidiis,
2140 2721 2232 2795 nihil
2256 2727 2455 2819 peregrinis

342 2892 347 2903 .
419 2828 640 2912 committat,
678 2852 836 2926 cunque
866 2827 1041 2918 gubernet
1069 2828 1290 2898 adsalutem
1314 2825 1413 2897 orbis
1464 2824 1613 2897 ducibus
1632 2850 1723 2918 opus
1744 2838 1854 2910 esset,
1878 2827 1910 2897 si
1926 2826 2106 2899 maiorum
2121 2853 2270 2900 suorum
2283 2832 2455 2900 virtutem

351 2992 357 3011 .
419 2945 612 3009 terrarum.
1464 2939 1609 3000 nostrae
1632 2929 1758 3001 aetatis
1779 2928 1960 3021 principes
1978 2930 2115 2999 imitari
2135 2933 2277 3002 vellent.
2327 2932 2454 3003 Otium

522 3032 628 3115 Dixi,
653 3055 747 3125 quae
771 3030 810 3099 in
833 3030 1035 3123 praesentia
1057 3033 1101 3101 de
1123 3030 1297 3115 electione
1314 3031 1413 3101 colli-
1465 3042 1501 3099 et
1520 3030 1730 3101 servitutem
1752 3031 1979 3125 quaerimus,
2011 3035 2098 3104 dum
2117 3047 2301 3105 externum
2320 3034 2455 3126 princi·

422 3159 505 3228 gere
519 3134 634 3227 potui.
658 3132 728 3203 Sed
745 3132 831 3230 quia
846 3134 1048 3206 communis
1064 3146 1117 3207 est
1132 3129 1222 3204 baec
1238 3134 1414 3205 delibera·
1464 3156 1548 3225 pem
1570 3134 1792 3205 adducimus.
1841 3133 1902 3203 An
1922 3137 2078 3227 putatis,
2113 3150 2177 3207 aut
2197 3160 2284 3208 avos
2303 3150 2454 3220 vestros,

373 3262 378 3272 ·
422 3238 475 3311 tio
498 3235 615 3309 nostri
635 3234 847 3328 amplissimi
870 3249 1035 3321 senatus,
1065 3249 1187 3331 etvos
1207 3261 1276 3329 pro
1294 3248 1412 3307 vestra
1464 3234 1652 3307 Albertum
1677 3231 1949 3321 Marchionem,
1988 3250 2053 3309 aut
2073 3237 2298 3311 fridericum
2319 3240 2454 3311 Palati-

420 3340 618 3435 sspientia,
645 3339 748 3433 plura
771 3337 880 3410 etiam
896 3340 941 3410 de
957 3340 1139 3432 republica
1155 3339 1326 3432 cogitasse
1341 3338 1413 3410 exi-
1464 3361 1573 3424 num,
1607 3351 1672 3410 aut
1685 3340 1875 3412 Albertum
1894 3340 2072 3412 Saxonem
2085 3342 2194 3416 fuisse
2212 3367 2379 3437 unquam
2394 3368 2458 3414 ex·

421 3445 547 3517 stimo:
580 3467 736 3538 quaeso,
769 3455 811 3514 ut
832 3442 963 3534 singuli
986 3466 1069 3515 suas
1087 3443 1284 3516 sententias
1305 3465 1414 3534 expo-
1465 3454 1609 3512 ternum
1638 3444 1828 3514 dominum
1858 3444 2102 3516 adducturos?
2140 3445 2209 3538 ipsi
2238 3446 2457 3531 militabant,

421 3559 531 3630 nant,
564 3559 605 3618 ut
638 3547 767 3618 deinde
800 3545 973 3638 eligamus
1008 3569 1109 3631 eam,
1146 3571 1253 3641 quam
1288 3569 1413 3616 omnes
1464 3569 1522 3616 res
1537 3546 1724 3637 gerebant.
1787 3545 1863 3618 Nec
1883 3569 2043 3642 unquam
2066 3549 2260 3633 exercitus,
2290 3549 2457 3641 pecunia,

421 3648 560 3721 collatis
582 3649 814 3742 opinionibus
836 3650 991 3720 maxime
1014 3649 1237 3743 erepublica
1262 3673 1337 3722 esse
1360 3650 1414 3720 iu·
1465 3671 1567 3717 arma
1592 3648 1725 3720 nostris
1744 3649 1955 3733 defuerunt,
1989 3653 2281 3747 quandocunque
2302 3653 2359 3722 vel
2380 3676 2456 3720 me·

420 3751 604 3828 dicabunt.
1466 3750 1606 3823 diucres
1632 3752 1739 3824 dures
1769 3747 1985 3824 babuerunt.
2044 3752 2181 3824 Verum
2210 3753 2338 3824 omitto
2367 3778 2455 3847 que-

525 3851 623 3922 IIaec
645 3865 727 3923 cum
749 3852 895 3924 dixisset
910 3852 1169 3944 Moguntinus,
1194 3868 1230 3926 et
1250 3851 1414 3925 hortare-
1466 3854 1592 3925 relam.

423 3969 483 4028 tur
508 3968 689 4040 caeteros,
728 3966 769 4025 nt
794 3979 860 4026 suo
887 3955 1038 4050 quisquc
1064 3956 1192 4027 ordine
1219 3970 1415 4050 exponeret
1567 3955 1607 4027 Si
1630 3956 1780 4026 omnino
1807 3958 2016 4049 peregrinus
2040 3956 2244 4051 Imperator
2270 3954 2456 4031 habendus

421 4079 524 4130 susm
543 4057 860 4130 deliberationem:
884 4057 1065 4151 congressi
1080 4059 1198 4131 aliiae
1214 4083 1326 4153 pauca
1342 4061 1414 4130 col·
1466 4072 1538 4145 est,
1571 4083 1699 4132 causae
1726 4072 1810 4130 sunt
1832 4060 2028 4151 plurimae,
2062 4085 2175 4156 quare
2197 4062 2357 4134 Gallicus
2377 4061 2457 4131 Rex

420 4161 554 4246 locuti,
578 4160 772 4233 Trevirum
795 4161 921 4232 iubent
935 4161 1072 4248 dicere,
1106 4163 1170 4257 qui
1185 4164 1344 4255 pollebat
1360 4163 1415 4236 in·
1466 4163 1740 4255 anteponendus
1752 4161 1799 4233 sit
1815 4164 1993 4235 omnibus.
2043 4162 2097 4234 Ar
2111 4164 2323 4259 priusquam
2337 4164 2455 4235 dicam

422 4264 550 4357 genio,
573 4265 759 4348 doctrina,
785 4276 821 4333 et
841 4288 908 4335 usu
928 4288 1064 4337 rernm.
1114 4264 1207 4338 Nam
1225 4278 1260 4335 et
1274 4265 1414 4336 Romae
1465 4262 1573 4337 buius
1593 4265 1667 4334 snei
1683 4264 1806 4336 iudicii
1819 4265 1997 4351 rationes,
2023 4267 2182 4358 primum
2195 4269 2242 4338 de
2257 4268 2335 4357 lege
2349 4280 2386 4338 et
2403 4267 2458 4338 iu·

421 4365 463 4438 in
484 4365 625 4439 iudiciis
648 4379 683 4436 et
698 4365 851 4458 negotiis
867 4367 1018 4458 publicis
1032 4367 1095 4438 diu
1111 4370 1415 4468 verstatusfuerat,
1466 4369 1661 4440 reiurando
1685 4369 1898 4461 disputabo,
1938 4371 2034 4440 unde
2056 4394 2203 4441 exorsus
2225 4382 2280 4440 est
2301 4370 2457 4461 Mogon-

423 4481 460 4542 ct
479 4468 518 4538 in
541 4469 737 4542 Germania
761 4482 910 4562 propter
930 4470 1163 4542 domesticam
1185 4471 1414 4543 administra·
1466 4471 1574 4542 tinus.
1626 4470 1783 4564 Opimor
1804 4472 1960 4544 maiores
1975 4485 2119 4545 nostros
2141 4469 2210 4543 bac
2228 4473 2306 4564 lege
2331 4496 2457 4543 cavere

422 4571 583 4657 tionem,
609 4585 645 4644 et
666 4571 914 4643 dexteritatem
934 4572 973 4642 in
990 4573 1141 4665 publicis
1157 4573 1331 4665 negotiis,
1357 4574 1415 4643 vel
1466 4573 1640 4658 voluisse,
1668 4598 1714 4644 ne
1730 4574 1927 4647 Germania
1951 4576 2133 4646 amitteret
2153 4572 2303 4667 Imperii
2329 4577 2456 4646 decus:

422 4674 586 4770 imperii,
600 4675 675 4746 *vel
702 4675 856 4746 aliorum
878 4674 1104 4769 principum,
1135 4699 1303 4769 magnam
1328 4702 1416 4770 pru·
1467 4676 1804 4772 eoqueperegrinos
1818 4678 1934 4771 Reges
1959 4679 2042 4770 eligi
2061 4678 2277 4763 noluerunt,
2301 4673 2372 4750 hoc
2392 4690 2458 4763 est,

421 4779 566 4850 dentiae
587 4779 731 4850 laudem
756 4790 834 4849 erat
849 4791 1069 4852 consecutus.
1121 4778 1195 4853 Nec
1209 4779 1273 4850 ulli
1289 4805 1333 4852 ex
1348 4804 1415 4850 no-
1467 4781 1575 4866 tales,
1600 4781 1664 4876 qui
1679 4805 1755 4851 non
1769 4776 1944 4852 baberent
1957 4781 1995 4852 in
2009 4780 2206 4854 Germania
2219 4780 2457 4865 domicilium,

421 4881 504 4954 stris
528 4882 750 4975 principibus
768 4906 825 4954 res
842 4881 1001 4954 Gallicae
1023 4895 1128 4953 erant
1144 4882 1318 4956 notiores.
1369 4880 1415 4968 Is,
1466 4908 1513 4955 ne
1534 4896 1680 4956 externa
1703 4884 1804 4954 natio
1818 4884 1993 4977 paulatim
2011 4909 2078 4956 usu
2091 4897 2235 4976 caperet
2250 4882 2458 4978 imperium.

421 4983 509 5079 quia
532 4984 571 5052 in
595 4985 745 5078 privatis
759 4985 1007 5074 congressibus
1022 4984 1212 5080 aliquoties
1229 5009 1415 5079 oppugna-
1465 4987 1563 5058 Ilaec
1594 4985 1625 5059 si
1650 5000 1704 5059 est
1727 4989 1896 5058 voluntas
1916 4988 2024 5078 legis,
2060 4983 2180 5058 nihilo
2203 4988 2317 5080 magis
2334 4985 2459 5058 licebit

421 5079 525 5156 verat
545 5083 667 5158 Caroli
701 5086 930 5158 electionem:
971 5087 1162 5159 videbatur
1193 5102 1341 5181 paratus
1367 5091 1414 5159 ad
1465 5090 1667 5183 Hispanum
1697 5089 1827 5182 eligere
1837 5141 1855 5174 ,.
1888 5113 1998 5184 quam
2020 5089 2179 5164 Gallum.
2240 5089 2457 5183 Hispanicus

421 5187 614 5260 dicendum
632 5190 767 5262 venire.
814 5189 974 5275 Caeteri,
999 5203 1041 5262 ut
1056 5191 1203 5262 liberius
1218 5216 1319 5264 suam
1334 5217 1414 5264 sen·
1465 5194 1544 5264 Rex
1568 5191 1711 5284 longius
1730 5216 1753 5262 a
1775 5191 1880 5264 nobis
1902 5193 2014 5266 abest.
2064 5191 2115 5264 Et
2130 5193 2232 5266 natio
2247 5193 2325 5286 ipsa
2339 5191 2458 5266 domi-

421 5291 572 5364 tentiam
601 5304 816 5386 exponeret,
848 5292 954 5364 initio
981 5294 1201 5366 audiendum
1233 5320 1413 5368 comesse
1465 5295 1623 5368 nationis
1641 5295 1771 5388 cupida
1787 5307 1825 5366 et
1836 5293 2019 5382 bellicosa,
2035 5309 2161 5389 postea
2179 5296 2248 5369 sibi
2261 5296 2455 5390 imperium

421 5407 649 5471 censuerunt.
701 5395 760 5468 Sic
775 5393 887 5487 igitur
903 5421 1050 5470 exorsus
1067 5410 1131 5470 est.
1465 5398 1673 5496 extorqueri
1689 5421 1767 5469 non
1780 5397 1894 5485 sinet,
1919 5411 1961 5471 ut
1976 5411 2100 5493 postea
2115 5399 2246 5473 iterum
2262 5400 2454 5472 dicendum

523 5497 644 5570 Audio
667 5498 706 5569 in
730 5493 800 5569 bac
822 5498 899 5591 ipsa
920 5501 1032 5585 urbe,
1063 5523 1144 5572 rum
1167 5513 1288 5594 patres
1303 5500 1414 5576 vestri
1464 5503 1546 5577 erit.
1600 5500 1651 5574 Et
1675 5501 1707 5576 si
1737 5497 1811 5573 hoc
1828 5502 1917 5576 satis
1942 5515 1997 5576 est
2016 5527 2164 5590 mersae,
2197 5527 2263 5576 cur
2284 5503 2454 5577 Carolum

420 5601 468 5674 ad
498 5602 702 5695 eligendum
729 5601 1018 5674 Maximilianum
1049 5605 1317 5689 convenissent,
1350 5604 1413 5674 ad-

418 5704 526 5780 fuisse
550 5719 690 5794 vatem,
725 5706 789 5803 qui
812 5705 963 5792 dixerit,
994 5706 1161 5778 ultimum
1178 5706 1413 5779 Germanico-
2172 5788 2181 5804 .

417 5829 501 5881 rum
516 5805 783 5905 Impuratornm
797 5811 876 5882 iore
893 5808 1196 5886 Maximilianum.
1248 5807 1412 5906 Cumque
1497 5771 1576 5896 ’Ψ
1611 5769 1754 5897 'wia‘
1767 5773 1856 5842 Μ’
1874 5774 1962 5842 Μ’
1980 5771 2069 5836 m*
2089 5773 2182 5839 Μ’
2204 5776 2242 5827 ⁸⁰
2260 5775 2346 5828 '‘m‘'
2370 5779 2460 5846 Μ’
