5534 6700
463 608 617 705 τιΙ

568 774 602 844 ii
626 789 768 846 centum
793 776 992 868 composita
1014 778 1226 863 flectuntur,
1266 791 1308 849 nt
1328 772 1460 852 διακό-

467 895 562 964 σιοι,
586 873 810 970 τριακόσιοι,
834 874 969 972 χίλιοι,
996 875 1238 977 διςχίλιοιῆ,
1257 875 1458 976 τριςχίλιοι,

466 975 667 1075 dewi·
843 1027 850 1037 ·

752 1144 1176 1241 ‘ETEPOKAJTAg

571 1286 692 1372 Νοῦς,
717 1277 854 1382 γραῦς,
887 1288 1003 1369 ναῦς,
1037 1281 1134 1378 βοῦς
1151 1297 1217 1354 etc.
1244 1284 1404 1377 reperies
1422 1284 1461 1353 in

467 1385 781 1455 terminationibus
795 1384 943 1478 quintae
958 1385 1222 1457 declinationis.

570 1519 735 1593 Ponticas
749 1523 893 1611 figuras,
919 1533 960 1591 ut
974 1523 1040 1618 κρῖ
1052 1546 1119 1613 pro
1133 1521 1286 1619 κρῖθον,
1304 1532 1346 1591 ut
1363 1522 1461 1612 apud

467 1620 666 1693 Homerum
674 1622 736 1718 ⁸⁰),
760 1623 827 1718 κρῖ
840 1615 981 1696 λευκόν.
1008 1621 1098 1693 Item
1112 1620 1201 1696 λίπα
1215 1647 1283 1715 ρτο
1301 1627 1461 1720 λιπαρῷ,

467 1734 510 1793 ut
523 1720 600 1796 lm’
618 1720 751 1822 ἐλαίῳ,
777 1737 860 1795 tuae
877 1725 1083 1816 diligentiae
1099 1727 1168 1795 erit
1183 1724 1315 1796 Lector
1340 1727 1460 1797 obser-

467 1825 624 1921 vare“).

725 2011 922 2104 Triplex
941 2011 1212 2084 Declinatio

876 2156 946 2204 του
969 2157 1061 2214 υιος.

954 2318 1047 2431 'aloc

966 2447 1025 2527 υἱι·

967 2549 1035 2627 ola
1123 2610 1127 2619 ,

481 2248 518 2320 S.
547 2243 659 2330 ἱυῖἱι

545 2355 616 2423 τοῦ
633 2350 729 2431 vitoe

544 2476 567 2521 τ
583 2457 601 2474 ”
615 2451 685 2525 υἱίι

546 2477 616 2626 alla
627 2551 709 2626 otia

547 2644 580 2724 ὦ
595 2649 680 2733 υἱις.

469 2752 517 2826 D.
545 2749 600 2826 rid
615 2755 688 2829 vlla

544 2859 628 2929 τοῖν
642 2854 757 2931 υἱὶοιν

480 2954 524 3026 Ρ.
552 2955 589 3030 οἱ
602 2956 695 3039 vilar

545 3064 626 3131 τῶν
640 3055 752 3131 vilior

546 3162 625 3239 τοῖς
637 3158 729 3231 vitot

547 3256 636 3342 τοῦς
647 3259 748 3341 υἱὶας

547 3354 580 3435 ul
594 3362 686 3444 oller

966 2750 1026 2828 vla

965 2851 1078 2930 υίοιν.

965 2951 1045 3037 υἷος

966 3055 1064 3130 υἱων

962 3153 1027 3231 καὶ
1041 3156 1144 3230 υίασι

962 3254 1049 3341 υἷας
1106 3332 1115 3354 ,

964 3357 1054 3443 υἷες.

856 3548 985 3619 Alias
1011 3548 1099 3619 sic·

483 3682 520 3754 S.
546 3678 684 3764 ὄυὶεύς

546 3791 616 3857 τοῦ
629 3782 728 3863 υἱέος

544 3892 600 3981 τῷ
615 3881 691 3957 υἱέι·

544 3984 614 4059 τὸν
628 3982 712 4058 υἱέα
783 4075 785 4079 ι

545 4081 578 4160 nl
594 4085 706 4168 υἱούς.

960 3882 1036 3957 υἱεῖ

468 4190 515 4261 Ι).
541 4186 596 4261 τυ)
610 4187 685 4263 υἱέε

546 4294 630 4365 τοῖν
645 4286 762 4364 υἱέοιν

477 4392 520 4465 Ρ.
548 4390 585 4465 οἱ
597 4390 691 4473 υἱέες

541 4499 620 4566 τῶν
633 4489 746 4566 υἱέων

964 4187 1029 4283 υίῆ

962 4290 1074 4363 υἱοῖν.

962 4391 1055 4473 υἱεῖς

961 4492 1058 4565 υἱῶν

545 4596 624 4676 τοῖς
637 4590 734 4667 υἱέσι

542 4693 633 4780 τοῦς
645 4691 748 4776 υἱέας

545 4791 577 4871 ὦ
593 4795 687 4879 υἱέες

962 4692 1054 4775 υἱεῖς

962 4794 1063 4878 υἱεῖς.

388 5136 392 5141 ,
507 5074 558 5135 83)
576 5069 713 5141 διςχίλιοι]
731 5072 773 5125 alu
791 5073 908 5140 σωροῖς
931 5072 1015 5126 uuirt.
1035 5070 1224 5124 ian-iiiot.
1241 5068 1388 5142 δυσχίλιοι.

500 5192 1200 5330 mld‘llml’dllinl‘vllllllpnnawaimllll‘delabdllr‘uzllqol3
1221 5194 1457 5317 dtddlllulffim:

535 5336 629 5399 posita
646 5336 808 5400 flectuntur,
830 5334 863 5382 nt
879 5326 1014 5382 διακόσιοι
1031 5333 1141 5384 ducenti
1157 5335 1210 5389 etc.
1244 5334 1292 5384 De
1308 5334 1456 5386 riu-ero

535 5403 769 5484 Graecanico.
811 5398 887 5452 Δίκα
904 5400 1007 5464 εἴκοσι,
1029 5396 1177 5468 τριάκοντα
1193 5428 1229 5440 -
1245 5396 1345 5454 lauria
1363 5398 1457 5454 διακί-

535 5485 592 5524 σιοι
607 5498 643 5510 -
658 5486 763 5539 μυριοι.
1031 5487 1035 5493 ·

499 5591 646 5711 θῦέὥοι.
663 5590 696 5641 ΙΙ.
714 5591 753 5656 V,
772 5590 832 5644 188.
849 5592 879 5641 et
895 5590 934 5644 al.
955 5589 1005 5654 αρῐ
1021 5584 1135 5657 levale,
1163 5590 1197 5643 11.
1215 5591 1295 5659 xlv,
1312 5592 1374 5650 iti.
1392 5587 1455 5643 λίπ’

489 5679 491 5684 .
598 5674 629 5727 φ.

499 5780 549 5849 ιι)
567 5782 745 5843 ossanna]
763 5779 792 5831 n
809 5741 895 5833 ann.
909 5779 1102 5833 rear-ren.
1121 5750 1208 5831 lma

1039 606 1163 682 Plllla.
1198 607 1313 681 MEL.
1345 605 1551 680 SCRIPTA
1584 604 1922 679 riuuouooica

1816 776 1950 848 Alias
1977 778 2022 845 in
2049 780 2189 847 tertia

1894 879 2123 971 simplicium.

1526 995 1562 1067 S.
1590 991 1706 1078 ἱυὶόι

1588 1105 1658 1171 τοῦ
1671 1095 1758 1171 υἱοῦ

1587 1205 1643 1294 τῷ
1660 1197 1734 1294 υἱῷ

1586 1299 1656 1374 τόν
1670 1293 1756 1373 υἱόν
1848 1370 1852 1381 ,

1588 1393 1621 1473 oi
1634 1399 1710 1487 υἱέ,
1739 1414 1775 1471 et
1787 1415 1939 1472 caetera.

1665 1499 1776 1584 Τέλος
1788 1508 1853 1597 τῆς
1867 1498 2068 1596 ὀνομάτων
2084 1497 2247 1586 κλίσεως.
2300 1556 2302 1560 ·

1614 1621 1795 1692 Hactenus
1812 1624 1856 1691 de
1872 1621 2032 1690 nomine.
2082 1619 2189 1691 Libet
2209 1621 2323 1693 obiter
2337 1618 2505 1696 exercen-

1512 1726 1643 1795 dorum
1660 1748 1856 1816 puerorum
1873 1723 1989 1815 gratia
2006 1735 2042 1792 ei
2057 1725 2217 1816 exempla
2234 1726 2398 1813 adiicere,
2421 1728 2503 1822 qui-

1511 1829 1578 1898 bus
1601 1827 1745 1918 regulae
1768 1826 2004 1897 illustrentur.
2057 1825 2212 1896 Carmen
2226 1826 2376 1899 Hesiodi
2399 1855 2418 1900 e
2441 1855 2502 1922 ge·

1512 1929 1686 2021 nealogiis
1702 1927 1863 1998 Deorum
1883 1930 1929 1998 ad
1944 1925 2038 1998 hanc
2052 1953 2128 1997 rem
2145 1929 2260 2020 delegi
2276 1928 2337 2028 ⁸⁷).

1680 2094 1747 2168 Ex
1777 2096 1969 2170 Hesiodi
1995 2092 2328 2195 Theogonia⁸⁸)

1907 2198 1962 2268 De
1983 2199 2108 2270 Musis.

1582 2332 1720 2392 (Tantam
1735 2342 1872 2397 praecum
1889 2331 1917 2382 λ.
1935 2332 1955 2380 ι.
1980 2333 2011 2382 in
2028 2333 2123 2384 Mitt.
2138 2333 2230 2396 1818,
2256 2332 2448 2385 iota-idat.
2474 2337 2505 2387 ei

1512 2401 1545 2452 in
1562 2399 1727 2453 demereril
1745 2401 1839 2453 aaut.
1858 2400 2056 2466 ασιονὶριιαιι,
2088 2403 2140 2468 pai
2159 2402 2338 2468 Τλαοροιιιαι
2354 2416 2413 2454 ese.
2426 2402 2504 2452 ao—

1511 2468 1757 2602 milianiga
1778 2469 1823 2518 ai.
1846 2466 1971 2519 84-87.
1996 2466 2122 2520 dii-⁷9.
2147 2470 2203 2522 nd.
2223 2470 2380 2551 ooeiittap.
2404 2470 2505 2524 coara-

1891 2651 2131 2725 Scholia.
2200 2648 2202 2651 ’

1614 2785 1827 2860 Plutarchus
1857 2787 1895 2854 in
1916 2786 2010 2855 libro
2032 2787 2076 2855 de
2100 2786 2288 2858 audiendis
2309 2788 2425 2880 poetis
2446 2787 2505 2858 in·
2526 2842 2529 2847 -

1511 2890 1608 2984 quit,
1633 2887 1678 2963 τὸ
1700 2896 1780 2965 τῶν
1802 2891 1967 2982 ποιητῶν
1985 2884 2165 2978 μυθῶδες
2179 2885 2249 2963 οῦκ
2265 2886 2505 2987 ἀφιλόσοφον

1510 2987 1616 3064 εἶναι.
1682 2991 1722 3062 ld
1745 3016 1827 3062 cum
1851 2989 1931 3059 aliis
1955 2988 2137 3078 pluribus,
2175 3003 2251 3062 tum
2277 3015 2320 3061 eo
2344 2993 2503 3063 maxime

1511 3108 1716 3165 commento
1731 3092 1800 3189 ω),
1841 3104 1893 3161 est
1915 3112 2081 3174 cernere,
2122 3117 2196 3184 quo
2220 3093 2344 3165 Musae
2374 3095 2502 3164 adum-

1509 3195 1674 3266 braniur.
1727 3195 1837 3266 Cuius
1855 3205 1891 3262 et
1905 3186 1975 3260 hoc
1988 3193 2155 3262 volebam
2176 3195 2257 3264 loco
2280 3219 2412 3286 pueros
2436 3199 2502 3266 ad-

1510 3292 1686 3381 monitoi,
1711 3321 1758 3367 ne
1772 3294 1901 3389 frigide
1915 3293 2043 3364 lecturi
2060 3294 2230 3387 poemata
2253 3320 2367 3390 nugas
2388 3300 2500 3369 modo

1510 3400 1678 3470 leviculas
1701 3400 1759 3491 agi
1781 3410 1924 3491 putent:
1959 3396 1994 3465 id
2016 3399 2112 3490 quod
2128 3394 2316 3490 Sophistae
2338 3401 2502 3496 quidam,

1510 3498 1548 3574 οἱ
1569 3497 1787 3597 κίνταυροι,
1829 3514 1962 3570 temere
1986 3522 2195 3589 persuasum
2218 3498 2363 3576 habent.
2428 3503 2501 3575 Sed

1509 3626 1636 3673 verum
1661 3614 1734 3686 est,
1760 3604 1859 3698 qnod
1878 3600 2036 3673 Graecus
2059 3602 2128 3688 ait,
2161 3599 2208 3676 οῦ
2226 3610 2318 3686 νοῦς
2338 3601 2393 3679 iri
2413 3629 2499 3678 m.

1508 3697 1716 3800 ταύροισιν.
1783 3702 1908 3799 ltaque
1931 3725 2074 3772 carmen
2096 3703 2244 3776 Hesiodi
2264 3705 2392 3777 Latine
2416 3733 2499 3779 sum

1508 3804 1764 3898 interpretatus
1779 3808 1889 3899 paulo
1905 3804 2049 3889 rudius,
2075 3806 2212 3901 alioqui
2225 3809 2365 3881 Graeco
2388 3811 2499 3880 etiam

1508 3906 1740 3999 interpolato.
1803 3911 1882 3990 τοῖς
1911 3902 1988 4007 γὰρ
2018 3903 2115 3989 νέοις
2137 3905 2299 4005 ἅμιλλαν
2311 3911 2360 4009 ⁰⁹)
2381 3936 2500 3985 κατα-

1509 4004 1689 4097 σκευάζω.
1741 4006 1892 4082 Scholiis
1911 4008 2070 4100 explico,
2099 4035 2192 4104 qnae
2213 4025 2250 4082 et
2272 4010 2498 4107 mythologia

1509 4121 1545 4179 et
1558 4112 1790 4203 grammatica
1806 4113 1901 4183 ratio
1915 4111 2095 4201 deposcit,
2120 4126 2314 4209 utrumque
2331 4112 2498 4186 in'l'her-

1508 4212 1576 4283 site
1589 4237 1631 4281 ac
1646 4208 1759 4307 Chely
1774 4216 1933 4285 facturus
1948 4238 2025 4283 sum
2043 4215 2199 4289 uberius.

1509 4314 1560 4385 dd
1583 4311 1658 4384 lam
1676 4339 1762 4385 vero
1780 4340 1801 4385 a
1817 4316 1932 4387 Musis
1949 4316 2154 4404 ordiamur,
2190 4342 2282 4413 quae
2296 4316 2373 4387 lovi
2398 4320 2500 4409 patri

1919 4429 2086 4489 canentes
2142 4465 2146 4480 ·

1585 4516 1773 4589 Delectant
1788 4544 1955 4613 magnam
1972 4532 2128 4590 mentem
2140 4522 2235 4591 intra
2253 4519 2467 4616 Olympum,

1583 4618 1751 4693 Dicentes
1767 4636 1967 4716 quaesunt,
1983 4646 2076 4717 quae
2092 4636 2209 4708 erunt,
2231 4649 2396 4719 quaeque
2412 4639 2496 4695 ante

1915 4727 2072 4808 suerunt,

1585 4822 1682 4893 Voce
1712 4826 1900 4899 concinna.
1965 4826 2020 4897 Ex
2050 4851 2174 4898 earum
2205 4853 2293 4899 vero
2322 4854 2384 4900 ore
2416 4829 2497 4899 fluit

1914 4953 2058 5000 carmen

1542 5109 1590 5175 87)
1609 5112 1916 5179 Hactenus-delegi]
1933 5116 2013 5175 haec,
2030 5118 2060 5166 et
2076 5118 2247 5179 miaequene
2265 5116 2356 5165 textus
2374 5126 2418 5177 gr.
2433 5128 2497 5168 cun

1576 5180 1708 5245 acioiiia,
1737 5183 1966 5246 interpretatione
1984 5187 2013 5235 et
2029 5187 2155 5237 examine
2173 5184 2316 5235 demntia
2335 5184 2385 5235 ild.
2408 5184 2497 5250 im,

1577 5248 1675 5312 quippe
1691 5251 1720 5299 in
1738 5264 1792 5314 qua
1808 5264 1875 5315 pare
1894 5255 1940 5303 De
1957 5254 2074 5305 Verbo
2097 5253 2231 5316 inscripta
2253 5254 2318 5303 iiiaa
2336 5265 2423 5304 voces
2445 5252 2496 5303 Τέ-

1575 5316 1622 5375 λος
1639 5317 1686 5380 τῆς
1703 5314 1784 5386 ὄνομ.
1802 5319 1874 5372 αλια.
1893 5322 2017 5384 proxime
2034 5324 2168 5387 sequitur.

1540 5404 1591 5464 88)
1609 5404 1698 5455 liniue
1721 5406 1775 5456 loci
1799 5407 1990 5471 interpretatio
2013 5411 2098 5472 atque
2121 5408 2262 5459 enarratio
2287 5408 2339 5471 iia,
2369 5364 2439 5472 qnae
2465 5407 2496 5458 in

1575 5472 1656 5523 huina
1673 5474 1755 5536 corp.
1772 5475 1836 5525 Vol.
1850 5477 1952 5531 xviii.
1974 5479 2025 5527 snb
2042 5480 2108 5528 Νη.
2122 5477 2180 5530 nii.
2198 5480 2227 5529 et
2239 5477 2309 5530 iiiii.
2328 5489 2362 5528 ex
2380 5476 2497 5528 Hesiodi

1580 5541 1716 5604 operiens
1734 5544 1912 5609 exhibentur,
1936 5545 2077 5598 addendae
2095 5550 2169 5602 eunt.

1540 5624 1590 5692 88)
1607 5625 1775 5693 remeato]
1793 5630 1844 5691 lid.
1858 5631 1934 5686 1888.
1950 5636 2141 5697 ermonario.

1539 5705 1740 5848 rumpam]
1759 5714 1802 5767 ne
1820 5716 1904 5767 run.
1917 5717 1990 5770 ian.
2010 5732 2088 5784 ηρ,
2109 5717 2293 5785 ariniara,
2312 5718 2401 5782 im,
2420 5718 2496 5769 ωιι.
