5534 6700
415 548 490 627 aar
1038 546 1161 621 run.
1186 509 1300 622 uun.
1328 547 1532 627 sunura
1557 525 1828 619 uuronlc'a.
2228 620 2231 627 .
2378 549 2460 631 osa

416 723 484 795 bus
497 721 647 793 derisus.
681 720 767 791 Fuit
782 721 989 811 operculum
1008 719 1155 810 dignum
1172 721 1316 811 patella,
1340 722 1410 797 Εἰιι
1564 714 1686 787 XLIII.
1724 717 1826 808 Papa
1859 718 2043 812 quondam
2074 717 2165 788 dixit
2192 721 2237 789 ad
2259 720 2458 798 Bembum:

418 822 517 920 [oldpe
535 824 667 895 solutio
686 820 1325 918 gebestuufelntloldpeffillptttutiun.
1463 819 1666 904 OBembe,
1695 822 1830 905 nescis,
1863 833 1999 915 quanta
2023 820 2083 889 illa
2106 822 2229 892 fabula
2253 826 2297 895 de
2314 823 2458 903 Christo

521 923 676 996 XXXIX.
710 925 902 1018 Cambyses
918 950 998 996 cum
1018 940 1109 997 esset
1123 931 1294 997 ducturus
1309 949 1410 997 soro·
1463 923 1568 993 nobis
1585 922 1786 1013 profuerit?

419 1055 515 1109 rem,
538 1027 773 1118 interrogavit
789 1030 1010 1112 sacerdotes,
1035 1053 1118 1098 nam
1135 1029 1203 1100 sibi
1218 1030 1412 1112 metuebat,
1566 1022 1704 1096 XLIIII.
1738 1024 1942 1096 Fridericus
1964 1025 2048 1096 Dux
2073 1025 2251 1097 saxoniae
2282 1054 2366 1103 cum
2396 1034 2462 1105 ali·

420 1132 476 1204 cui
490 1132 755 1222 responderunt
772 1133 974 1227 sacerdotes
993 1129 1167 1203 dieentes:
1190 1132 1304 1204 Nobis
1318 1134 1412 1200 duae
1465 1130 1611 1222 quando
1637 1129 1826 1199 dissereret
1849 1155 1929 1200 cum
1950 1131 2098 1199 doctore
2120 1125 2345 1224 Theologiae
2378 1149 2462 1209 ante

420 1245 503 1307 sunt
517 1232 628 1325 leges:
651 1256 735 1317 una,
750 1233 931 1304 neminem
946 1236 1076 1305 dehere
1090 1236 1219 1306 ducere
1235 1258 1412 1317 sororem,
1466 1256 1605 1315 arcem,
1628 1233 1721 1301 forte
1738 1234 1883 1303 fortuna
1900 1231 1992 1301 vidit
2010 1234 2101 1303 duos
2118 1235 2315 1309 cucullatos
2331 1239 2463 1312 iratres

420 1337 530 1407 altera
548 1360 648 1417 vero,
675 1348 715 1404 ut
731 1361 793 1405 rex
809 1336 938 1422 faciat,
962 1339 1204 1435 quodcunque
1219 1338 1374 1407 libuerit.
1465 1334 1683 1427 praeterire,
1709 1336 1838 1429 quibus
1861 1359 1995 1405 nomen
2017 1348 2070 1406 est
2089 1334 2299 1410 Minoritae.
2359 1340 2462 1434 Quos
2560 1346 2563 1351 '

522 1437 662 1508 XXXX.
698 1438 848 1510 Sanctus
861 1439 1082 1530 Augustinus
1105 1467 1185 1511 cum
1208 1440 1305 1509 illam
1328 1463 1413 1509 con·
1467 1461 1547 1509 cum
1564 1437 1732 1522 vidisset,
1758 1440 1856 1532 quod
1878 1451 2045 1530 gererent
2067 1437 2185 1531 lignea
2204 1441 2462 1531 calceamenta,

419 1534 596 1612 Iusionem
616 1553 651 1610 et
665 1536 855 1611 schismata
875 1542 914 1612 in
927 1540 1085 1613 Ecclesia
1104 1543 1261 1627 videret,
1289 1541 1414 1612 videli·
1466 1539 1702 1631 interrogavit
1719 1542 1925 1627 doctorem,
1950 1542 2090 1612 dicens:
2119 1540 2175 1611 Ex
2190 1544 2292 1638 quali
2307 1546 2403 1638 ligno
2420 1544 2460 1618 hi

346 1707 350 1717 .
420 1656 476 1715 cet
505 1646 604 1739 quod
635 1636 859 1737 expellebant
880 1650 1041 1738 pastores
1065 1645 1225 1743 aliosque
1249 1645 1414 1738 impone·
1467 1643 1576 1712 calcei
1592 1644 1744 1712 conlecti
1766 1643 1875 1715 suut?
1925 1643 1975 1715 At
1997 1668 2078 1717 cum
2102 1644 2163 1715 iIle
2188 1648 2462 1735 obmutesceret,

419 1744 595 1844 bant¹⁸¹),
621 1747 748 1839 petivit
762 1748 906 1817 tandern
925 1748 1003 1818 fieri
1024 1751 1204 1819 decretum
1224 1774 1243 1817 a
1261 1748 1414 1820 Caesare
1468 1758 1504 1814 et
1524 1745 1578 1813 illi
1609 1770 1684 1814 non
1712 1759 1934 1831 occurreret,
1973 1747 2061 1841 quid
2082 1752 2336 1841 responderet,
2376 1765 2461 1824 tunc

419 1862 543 1943 postea
567 1849 709 1934 statim,
750 1849 803 1919 illi
824 1850 894 1919 suit
925 1851 1124 1938 obiectum,
1162 1847 1414 1944 schismata¹⁸)
1467 1848 1635 1941 prorupit
1652 1848 1690 1917 in
1705 1844 1795 1918 haec
1810 1844 1937 1919 verba:
1963 1847 2242 1942 EsMagisterin
2252 1848 2401 1940 Israhel,
2428 1868 2463 1927 et

387 1952 521 2052 ,nullo
539 1954 650 2021 modo
673 1978 747 2024 ease
770 1953 979 2046 expellenda
1002 1954 1112 2026 armis
1129 1954 1311 2055 Caesaris,
1335 1952 1415 2055 qui·
1466 1944 1555 2021 haec
1575 1950 1745 2045 ignoras?
1780 1954 1931 2022 addens:
1964 1950 2060 2023 Haec
2077 1953 2314 2044 calceamenta
2333 1970 2463 2049 parata

419 2056 488 2125 bus
510 2054 697 2147 respondit
717 2056 955 2151 Augustinus:
989 2056 1073 2129 Non
1097 2040 1209 2151 petivi
1230 2058 1412 2131 decretum
1467 2065 1551 2125 sunt
1574 2078 1618 2123 ex
1639 2054 1728 2137 ficu,
1769 2057 1826 2125 cui
1850 2054 2035 2125 maledixit
2058 2052 2153 2127 Iesus
2176 2040 2316 2130 dicens:
2349 2084 2461 2130 nemo

420 2156 499 2227 fieri
516 2164 640 2228 contra
657 2152 924 2256 schismatass),
949 2163 1012 2231 sed
1028 2173 1153 2231 contra
1172 2162 1343 2231 latrones.
1468 2155 1587 2250 capiat
1606 2156 1761 2227 fructum
1783 2183 1825 2228 ex
1848 2172 1883 2228 te
1906 2158 1943 2226 in
1970 2142 2239 2251 sempiternum.
2295 2161 2460 2232 Pruden-

523 2258 613 2331 XLI.
651 2260 823 2355 Princeps
846 2260 1174 2355 Mecltelburgensis
1196 2277 1232 2333 et
1248 2262 1416 2333 Henbur·
1468 2260 1625 2331 tissimus
1643 2259 1808 2353 princeps
1823 2256 1891 2331 hac
1917 2260 2150 2353 responsione
2173 2263 2373 2359 significare
2397 2290 2461 2334 vo·

421 2362 550 2455 gensis,
572 2389 652 2433 cum
670 2362 716 2434 D
734 2364 787 2435 M.
802 2360 982 2439 Lutherus
996 2368 1092 2456 apud
1105 2366 1186 2437 rllos
1199 2363 1372 2451 hrrsset
1360 2388 1416 2431 ιιι-
1468 2362 1535 2432 lurt
1551 2356 1758 2455 hypocrisin
1774 2376 1809 2431 et
1824 2387 1947 2434 eorum
1963 2362 2162 2436 interitum

382 2506 385 2510 ·
423 2464 509 2553 cipit
529 2466 695 2559 princeps
716 2464 1054 2565 IIenburgensis”):
1088 2468 1133 2539 D.
1156 2468 1314 2553 Ductor,
1339 2469 1416 2543 &ie
1570 2462 1691 2535 XLV.
1703 2464 1855 2535 Decimo
1870 2467 1999 2560 quinto
2014 2467 2219 2559 dreAprrlrs
2234 2490 2333 2538 anno
2348 2463 2462 2542 1558

420 2566 514 2663 gebel
540 2575 576 2641 td
596 2586 664 2663 ιιι,
697 2572 759 2645 bad
780 2573 850 2649 uic
871 2572 968 2666 uiguit
990 2574 1052 2646 bos
1074 2571 1229 2667 begttett,
1263 2576 1325 2649 bus
1349 2576 1416 2651 ιιιιὸ
1468 2564 1667 2658 Episcopus
1681 2568 2278 2665 Arblauni”)duxqueFranc1ae
2293 2573 2460 2644 traiectus

420 2690 476 2745 111
508 2667 717 2767 Idpeblldpllett
747 2668 803 2763 III,
846 2679 911 2749 110
943 2679 1007 2749 bod
1029 2677 1093 2749 bed
1116 2676 1192 2751 toll
1213 2674 1246 2765 Io
1272 2676 1337 2769 bdfi
1364 2670 1416 2763 ill.
1469 2682 1522 2739 est
1538 2669 1645 2760 globo
1665 2682 1700 2739 et
1725 2673 1816 2741 obiit
1839 2684 1874 2742 et
1901 2673 2009 2743 simul
2028 2696 2100 2744 sex.
2154 2673 2232 2744 Hoc
2245 2675 2382 2746 lacinus
2397 2698 2462 2768 pa·

418 2770 621 2864 Respondit
637 2770 836 2846 Lutherus:
872 2776 921 2861 St
946 2773 1070 2870 suellen
1094 2774 1168 2896 [out
1194 2782 1297 2871 batgu
1320 2778 1417 2869 tuuc
1469 2782 1603 2840 tratum
1623 2785 1676 2843 est
1692 2773 1847 2844 instante
1864 2771 1954 2845 hora
1967 2775 2169 2845 decimam
2184 2773 2373 2873 horologio
2392 2778 2461 2847 rni-

418 2872 608 2947 lleinricus
625 2902 792 2970 princeps
808 2879 957 2972 incepit
983 2881 1060 2957 uso
1065 2882 1417 2977 uicbetnuitbetten
1468 2874 1564 2944 nori.
1630 2875 1723 2947 Nam
1755 2889 1947 2973 postquam
1972 2902 2052 2948 cum
2076 2880 2148 2951 suis
2170 2880 2433 2952 senatoribus
2422 2902 2461 2948 m

418 2980 527 3069 dotato
559 2977 659 3069 litun,
702 2987 738 3053 (1
763 2999 831 3055 tort
856 2978 960 3091 Itngst
990 2984 1176 3077 obgottgett
1241 2982 1418 3054 Videlicet
1470 2975 1854 3101 Grammatophylacio
1871 2980 1920 3077 ⁹¹)
1955 2981 2094 3077 aliquas
2121 2977 2269 3052 horas
2256 3006 2295 3051 ιιι
2325 3006 2461 3075 cogno·

418 3078 571 3151 Malitia.
1406 3160 1409 3165 ¹
1469 3080 1607 3165 scendis
1624 3082 1776 3166 caussis,
1803 3084 1930 3155 dandis
1944 3085 2176 3179 petendisque
2198 3084 2355 3157 consiliis
2373 3108 2460 3155 con·

524 3179 631 3269 XLII.
676 3181 750 3254 Sub
773 3182 904 3255 Carolo
925 3183 1220 3306 Burgundiorum
1253 3178 1416 3283 principe
1469 3182 1685 3303 sumpsisset
1699 3180 1890 3282 nmernqne
1912 3210 2035 3258 versus
2056 3188 2128 3256 ia'm
2154 3188 2220 3257 iter
2241 3188 2462 3272 tetendisset,
2509 3192 2512 3197 ’

418 3284 526 3362 luisse
542 3264 701 3354 nobilem
718 3288 858 3372 ferunt,
885 3283 1168 3386 qui'hostemrn
1189 3314 1291 3363 suam
1314 3305 1417 3386 pote·
1469 3299 1610 3379 tempus
1627 3286 1722 3358 enim
1739 3290 1904 3386 sumendi
1921 3290 2066 3414 prandii
2081 3306 2180 3377 erat,
2205 3291 2313 3361 ibim
2334 3292 2393 3360 via
2415 3292 2463 3361 ad

420 3400 548 3460 statem
566 3390 764 3481 redegerat.
817 3389 932 3462 IIui'us
949 3391 1107 3463 coniunx
1122 3419 1159 3464 se
1175 3393 1271 3463 illico
1288 3397 1334 3464 ad
1350 3420 1416 3465 no·
1468 3388 1625 3459 radicem
1643 3393 1797 3478 montis,
1823 3394 2062 3486 improvisiet
2081 3395 2236 3465 inermes
2252 3419 2272 3463 a
2289 3407 2464 3489 quatuor·

419 3490 528 3561 bilem
561 3494 732 3577 contulit,
773 3491 978 3587 supplicans
1001 3495 1071 3566 sihi
1097 3507 1138 3566 ut
1166 3497 1417 3569 restitueretur
1468 3493 1582 3562 decim
1598 3495 1778 3590 equitibus
1798 3497 1915 3567 adorti
1937 3509 2039 3580 sunt,
2075 3496 2139 3591 qni
2161 3497 2230 3568 sibi
2252 3497 2463 3569 bombardis

419 3593 589 3677 maritus,
616 3620 653 3666 se
668 3621 846 3666 summam
863 3597 1055 3690 pecuniae,
1079 3623 1187 3694 quam
1204 3601 1415 3692 postularet,
1468 3596 1604 3716 optime
1624 3613 1902 3704 ριοιρειιειιιιιι,
1942 3598 2060 3670 induti
2082 3600 2199 3692 longis
2225 3599 2361 3692 palliis,
2397 3599 2462 3693 qui

420 3698 587 3766 daturam
602 3721 677 3768 esse
693 3695 814 3769 sancte¹
831 3702 1045 3772 affirmabat.
1088 3699 1230 3772 Verum
1240 3704 1415 3795 pessimus
1466 3699 1634 3792 protinus
1667 3697 1830 3772 extractis
1860 3702 2115 3772 bombardis
2104 3727 2143 3770 ιιι
2171 3701 2388 3821 Episcopum
2423 3714 2460 3770 et

420 3794 533 3868 homo
547 3811 633 3869 tunc
645 3801 801 3897 denique
814 3803 1063 3873 restituturum
1074 3805 1246 3876 maritum
1262 3807 1414 3899 promit·
1466 3825 1550 3900 suos
1565 3801 1712 3872 comites
1730 3804 2014 3902 invaserunt¹¹),
2041 3817 2076 3874 et
2091 3807 2211 3876 nullus
2229 3805 2340 3876 evasit
2354 3826 2459 3896 prae·

419 3902 539 3984 lebat,
566 3903 596 3972 si
613 3928 694 3973 cum
711 3904 774 3973 illo
791 3907 1024 3977 adulteretur.
1063 3889 1321 3981 llonestissima
1338 3934 1414 3980 ma·
1467 3895 1630 4000 terquam
1660 3907 1831 3977 nobilis
1819 3909 1978 3992 iuvenis,
2015 3907 2078 4002 qui
2110 3908 2287 3999 aufugisse
2318 3906 2462 3977 dicitur.

421 4017 528 4074 trona
545 4006 612 4077 etsi
636 4020 734 4091 erat,
760 4019 882 4078 tamen
903 4009 1082 4080 redimere
1104 4011 1276 4082 maritum
1301 4013 1414 4084 maxi-
1466 4007 1614 4103 Equites
1636 4032 1723 4078 vero
1748 4006 1817 4080 hoe
1837 4023 1981 4126 patrato
2005 4015 2138 4105 absque
2166 4012 2365 4082 offensione
2389 4008 2462 4078 dis·

420 4131 570 4200 mopere
592 4110 770 4202 cupiebat.
828 4112 1017 4183 Accessit
1005 4125 1128 4207 itaque
1153 4115 1343 4199 maritum,
1378 4127 1414 4185 et
1465 4121 1657 4181 cesserunt.
1836 4107 1867 4134 ’“
1922 4135 1925 4140 ·
1985 4135 1990 4148 ·

419 4207 514 4282 hune
528 4214 754 4305 tyrannicam
771 4237 896 4286 vocem
910 4216 1247 4288 nobilisrecensuit.
1278 4217 1414 4310 Captus
1568 4211 1691 4284 XLVI.
1731 4213 1879 4286 Nobiles
1910 4211 2090 4285 laconici
2107 4217 2266 4284 fecerant
2295 4215 2365 4285 iter
2394 4237 2461 4307 per

420 4337 482 4407 spe
505 4315 681 4389 libertatis
704 4318 922 4409 potiundae,
960 4320 1026 4390 etsi
1056 4318 1245 4411 indignum
1273 4322 1413 4393 facinus
1467 4315 1677 4400 Leuctram,
1719 4331 1754 4386 et
1782 4313 2009 4409 hospitaliter
2036 4345 2054 4388 a
2079 4319 2230 4389 Scedaso
2245 4315 2293 4411 ⁶)
2323 4317 2462 4410 accepti

418 4419 498 4489 lore
515 4431 694 4503 ceruer'et,
721 4433 843 4490 tamen
861 4422 1063 4502 annuebat;
1095 4427 1158 4493 sed
1181 4424 1253 4492 i'am
1276 4426 1414 4496 adulte·
1467 4431 1570 4503 sunt,
1592 4431 1714 4510 postea
1732 4423 1895 4506 redeunt,
1916 4433 1952 4492 et
1966 4417 2096 4513 hospes
2115 4445 2189 4489 non
2208 4421 2345 4504 aderat,
2371 4443 2460 4515 qua-

418 4521 475 4591 rio
494 4535 706 4643 perpetrato
728 4525 917 4595 maledicta
938 4526 1050 4595 bestia
1082 4540 1225 4618 captum
1253 4529 1415 4598 nuncari
1467 4535 1617 4617 propter
1632 4518 1859 4614 hospitaliter
1881 4549 1900 4593 a
1922 4525 2063 4595 liliabus
2083 4536 2166 4596 sunt
2187 4525 2342 4616 accepti,
2370 4547 2461 4618 quas

417 4625 541 4710 iussit,
565 4639 600 4697 et
615 4629 769 4698 cadaver
784 4630 967 4700 adulterae
981 4628 1083 4698 redd‘
1085 4628 1149 4700 drt
1199 4630 1249 4700 At
1266 4631 1326 4700 illa
1343 4643 1414 4704 sta-
1466 4627 1661 4709 vitiarunt,
1700 4637 1735 4695 et
1764 4625 1890 4724 postea
1919 4631 2164 4700 dissecuerunt
2185 4652 2226 4695 ac
2248 4628 2286 4696 in
2309 4639 2459 4746 putepm

417 4729 484 4798 tim
501 4731 637 4802 accedet
652 4731 844 4816 Catulum
870 4743 978 4829 atque
991 4732 1044 4801 rllr
1060 4745 1174 4802 totam
1190 4758 1267 4803 rem
1287 4735 1414 4804 ordine
1466 4729 1708 4822 proiecerunt.
1775 4729 1926 4823 IIo'spite
1955 4735 2145 4816 redeunte,
2188 4732 2279 4801 filias
2300 4754 2377 4799 non
2399 4729 2460 4796 in·

420 4849 619 4906 enumerat.
670 4836 963 4929 sapientissimus
978 4849 1096 4907 autem
1112 4838 1279 4930 princeps
1301 4838 1414 4909 conti·
1466 4832 1583 4915 venit,
1605 4835 1750 4901 tandem
1770 4847 1995 4906 monstrante
2011 4859 2117 4921 eane,
2143 4837 2181 4903 in
2197 4847 2306 4926 puteo
2320 4830 2459 4901 envemt

417 4941 703 5023 nuomandavrt,
718 4943 811 5013 adse
826 4937 1014 5012 moechum
1030 4953 1072 5011 nt
1085 4953 1268 5024 vocarent,
1288 4954 1413 5033 postea
1466 4936 1566 5019 illas,
1592 4937 1732 5029 sepelut
1749 4950 1784 5008 et
1799 4939 1898 5008 vemt
1912 4936 2136 5034 Spartamffi)
2153 4949 2296 5031 petens,
2329 4947 2370 5005 ut
2392 4957 2459 5026 pu·

417 5040 452 5110 ei
469 5040 644 5125 iniunxit,
671 5056 712 5111 ut
725 5045 871 5115 viduam
892 5044 991 5114 illam
1015 5043 1054 5112 in
1076 5067 1225 5112 uxorem
1250 5046 1414 5115 ducaret
1466 5040 1652 5124 nitentur,
1686 5043 1748 5111 scd
1770 5041 1830 5110 ille
1852 5055 1993 5112 tautum
2016 5042 2085 5112 luit
2107 5042 2250 5120 leri-‘1⁰⁵3
2290 5063 2376 5108 nam
2400 5037 2459 5108 isti

418 5140 488 5213 hoc
518 5158 623 5236 pacto
655 5147 844 5237 pristinam
870 5145 1080 5239 pudicitiam
1107 5147 1338 5219 mulierculae
1357 5171 1414 5217 re·
1466 5144 1586 5212 multo¹
1597 5155 1701 5212 erant
1717 5145 1939 5236 potentiores
1963 5144 2048 5227 illo,
2075 5141 2111 5213 et
2128 5169 2256 5235 magna
2274 5165 2394 5235 pugna
2413 5141 2457 5210 ad

419 5261 566 5319 stauret.
612 5248 842 5320 finitisvero
859 5251 993 5344 nuptiis
1010 5248 1167 5319 nobilem
1184 5251 1313 5320 ultimo
1330 5276 1413 5344 sup·
1466 5242 1692 5339 sepulchrum
1710 5248 1853 5319 illarum
1869 5249 2050 5340 virginum
2067 5249 2240 5318 sactaest.

417 5351 527 5443 plicio
544 5353 637 5424 allici
652 5377 774 5423 severe
789 5355 974 5424 mandavit
990 5367 1026 5424 et
1040 5353 1079 5423 in
1092 5354 1333 5446 possessiones
1347 5379 1413 5425 no·
1471 5390 1604 5398 ···-·-·
1616 5389 1683 5398 -

417 5455 612 5526 bffigfflpm
631 5457 819 5526 collocavit
1168 5487 1174 5500 .
1390 5463 1408 5474 ¹·
1499 5445 1810 5508 10·)Δι111ιιιιί(ί.ο.
1829 5444 1950 5514 Arlou)]
1970 5445 2057 5500 cod:
2080 5444 2214 5496 Arolsunl

821 5508 838 5560 ⁰·
1313 5515 1315 5522 '
1363 5567 1366 5574 ,
1402 5489 1468 5722 ι
1497 5515 1547 5582 11)
1567 5512 1869 5582 Grauuatoplylaclo]
1889 5517 1973 5567 cod:
2002 5512 2302 5579 ona-atopamretta

1498 5585 1550 5644 11)
1566 5586 1755 5645 tranem]-
1764 5583 1847 5636 011.ε
1870 5586 2020 5650 nlaarunt
2104 5619 2107 5626 -
2164 5613 2170 5622 ·

457 5657 520 5725 ιω)
540 5650 726 5720 imponebant]
749 5654 830 5705 cod:
857 5655 1030 5715 imponerent
1475 5654 1554 5714 11)
1566 5653 1812 5714 11111111011.ι
1836 5645 2040 5708 flunmen-'-
2080 5655 2161 5708 cour.
2180 5651 2321 5704 maturata
2338 5615 2459 5704 amator.

456 5725 500 5793 11)
519 5721 683 5791 schismate]
702 5724 785 5777 cod:
814 5723 947 5773 solariata
1437 5769 1440 5774 .
1533 5725 1651 5774 ιιιιιιιιι.
1667 5723 1713 5775 ΙΙΙ.

452 5797 502 5856 10)
520 5789 742 5861 Ιιιιιιιιιιιςειιιίι]
761 5792 830 5844 011.
848 5794 874 5846 Ιι.
889 5794 923 5844 Ι.ι
951 5790 1177 5857 lleidlmganais
1343 5817 1347 5828 ·
1436 5789 1441 5836 ἵ
1499 5789 2034 5862 11)811111111.011;01111111
