5534 6700
303 577 380 654 sar
503 575 545 650 n.
596 573 916 682 exnoarauo
943 572 1249 647 naxunnuur
1274 576 1341 643 an
1367 571 1569 642 aaaron
1599 572 1775 645 runcis
1801 520 2134 647 meeumoua.
2259 573 2337 650 tos
2360 515 2381 665 s

301 750 500 832 Pontificis,
524 739 625 817 arma
643 749 796 817 abiicere
809 747 933 829 nollet,
949 760 984 816 et
998 748 1198 817 minaretur
1213 747 1295 816 urbi
1347 770 1452 828 casu,
1477 770 1552 815 non
1575 739 1738 815 humano
1752 744 1922 827 consilio,
1948 747 2010 816 sed
2029 747 2206 822 divinitus·
2217 748 2255 816 in
2270 744 2339 821 boc
2452 741 2459 753 ⁹

301 855 460 938 Romae,
486 853 559 921 iam
576 851 749 922 sollicitus
764 852 810 920 de
832 849 972 942 publica
998 849 1175 919 Ecclesiae
1197 861 1294 919 tran
1346 848 1525 939 fastigium
1549 873 1670 917 rerum
1693 843 1935 919 humanarum
1959 861 2120 918 evectum
2144 874 2237 933 esse,
2262 874 2357 922 non.

302 956 502 1050 quillitate,
534 959 650 1048 deque
677 952 798 1022 ltaliae
826 953 990 1022 libertate
1014 951 1294 1035 Maximilianus,
1346 965 1388 1022 ut
1409 951 1589 1027 licentiam
1615 946 1764 1021 haberet
1778 977 1924 1022 suarum
1942 952 2177 1042 cupiditatum
2196 954 2339 1045 explen-

302 1058 414 1128 armis
443 1082 485 1126 ex
510 1054 611 1127 ltalia
636 1051 871 1126 retrahendos
894 1078 970 1126 csse
992 1055 1117 1125 Gallos
1147 1054 1295 1138 censuit,
1346 1056 1495 1137 darum,
1519 1055 1580 1126 sed
1596 1066 1636 1122 ut
1651 1055 1759 1125 totius
1777 1055 1915 1146 generis
1929 1051 2080 1124 humani
2094 1055 2241 1123 utilitati
2254 1080 2340 1126 con·

301 1162 411 1254 idque
437 1160 556 1230 subito
580 1159 771 1229 contractis
793 1159 931 1249 magnis
954 1158 1084 1251 copiis,
1109 1156 1295 1228 concitatis
1347 1158 1498 1240 suleret,
1525 1170 1560 1225 et
1574 1168 1615 1227 ut
1626 1155 1693 1227 Dei
1710 1158 1861 1247 gloriam
1879 1182 1920 1226 ac
1935 1157 2120 1247 religionis
2136 1159 2339 1251 tranquilli·

223 1314 227 1323 ·
302 1265 412 1333 etiam
435 1261 561 1352 Anglis
587 1274 622 1330 et
642 1260 870 1352 Burgundis,
902 1262 1078 1351 perfecit..
1118 1260 1176 1331 Ad
1202 1256 1295 1329 hanc
1347 1272 1456 1329 tatem
1480 1259 1672 1351 praecipue
1693 1262 1909 1330 defenderet.
1968 1259 2090 1353 Quare
2117 1267 2257 1332 animos
2279 1285 2339 1331 eo·

302 1365 531 1436 excellentem
559 1363 695 1454 ingenii
729 1379 837 1457 atque
873 1362 985 1432 animi
1017 1363 1089 1431 vim
1124 1364 1295 1433 adiunxe·
1318 1372 1322 1390 ’
1347 1387 1448 1445 rum,
1475 1387 1566 1455 quos
1591 1362 1700 1432 armis
1722 1363 1877 1446 vicerat,
1901 1386 2030 1434 sanare
2055 1376 2090 1432 et
2112 1365 2158 1432 ad
2181 1364 2338 1434 officium

302 1482 359 1538 rat
381 1465 630 1537 admirabilem
655 1470 838 1559 quandam
864 1464 1171 1549 moderationem,
1202 1490 1294 1558 quae
1345 1489 1515 1534 revocare
1540 1465 1686 1546 maluit,
1719 1489 1827 1558 quam
1850 1466 2011 1536 funditus
2034 1490 2095 1536 eos
2110 1466 2240 1535 delere.
2289 1462 2340 1539 Et

302 1595 412 1664 quam
444 1569 643 1640 necessaria
663 1569 710 1640 sit
732 1569 770 1637 in
789 1593 929 1639 summa
957 1580 1151 1658 potestate,
1185 1592 1293 1661 quam
1318 1580 1322 1594 ’
1345 1591 1451 1659 saepe
1484 1580 1633 1658 propter
1666 1566 1963 1661 tranquillitatem
2001 1564 2213 1643 Christiani,
2229 1568 2340 1654 orbis,

302 1673 399 1743 utilis
419 1671 656 1764 reipublicae,
691 1684 866 1765 quantum
892 1666 1024 1741 habeat
1042 1695 1148 1740 verae
1166 1669 1295 1753 laudis,
1346 1669 1575 1762 gravissimas
1596 1669 1746 1740 iniurias
1770 1670 2018 1741 dissimulavit.

302 1776 463 1866 exempla
489 1787 694 1844 monstrant
718 1774 905 1868 utriusque
927 1773 1079 1863 generis.
1450 1772 1540 1843 Cum
1567 1785 1665 1841 tanta
1691 1773 1729 1842 in
1751 1796 1793 1841 eo
1816 1773 1978 1864 publicae
1994 1773 2117 1844 salutis
2131 1786 2223 1849 esset
2240 1799 2339 1859 cura,

404 1879 497 1948 Nasu
522 1874 610 1947 haec
635 1879 749 1946 virtus
770 1877 809 1944 in
831 1877 954 1947 multis
982 1873 1295 1967 praestantissimis
1346 1874 1513 1947 excitavit
1527 1901 1608 1946 eum
1626 1899 1701 1944 non
1718 1876 1833 1946 solum
1852 1877 2034 1967 potentia,
2056 1879 2117 1946 sed
2132 1877 2247 1945 multo
2263 1902 2339 1947 ma·

303 1976 472 2050 heroibus
498 1981 739 2061 desideratur,
771 1979 894 2073 quiin
919 1977 1078 2050 victoriis
1101 1977 1185 2048 facti
1211 1990 1296 2048 sunt
1346 1979 1399 2070 gis
1417 1977 1566 2048 felicitas
1582 1977 1737 2070 Selymi,
1763 1979 1826 2071 qui
1849 1979 1967 2048 subito
1990 1979 2125 2069 potitus
2141 1990 2218 2048 erat
2234 1977 2338 2070 Syria

302 2083 516 2165 insolentes,
541 2083 705 2174 superbi,
731 2082 909 2164 crudeles,
936 2094 972 2150 et
988 2081 1110 2150 omnia
1128 2082 1174 2150 ad
1193 2105 1292 2151 suam
1346 2095 1453 2175 atque
1470 2080 1652 2174 Aegypto,
1679 2093 1719 2150 nt
1743 2081 1909 2152 omnibus
1925 2082 2002 2151 aliis
2018 2080 2171 2171 negotiis
2187 2081 2340 2165 omissis,

302 2185 423 2275 potius
443 2185 634 2254 utilitatem
651 2210 714 2256 seu
729 2184 984 2267 ambitionem,
1010 2208 1119 2278 quam
1136 2186 1182 2252 ad
1198 2208 1294 2254 com·
1345 2183 1485 2275 Regum
1520 2207 1561 2252 ac
1592 2183 1802 2274 Principum
1837 2184 1998 2254 omnium
2034 2184 2144 2253 totius
2169 2181 2338 2275 Europae

303 2309 449 2355 munem
483 2289 633 2358 salutem
668 2284 856 2356 hominum
892 2286 1103 2358 retulerunt.
1167 2286 1294 2380 Neque
1346 2287 1487 2357 animos
1513 2289 1561 2355 ad
1584 2283 1833 2378 reprimendos
1852 2286 1990 2358 Turcas
2013 2288 2206 2356 accendere
2230 2310 2339 2356 rona·

304 2389 403 2459 enim
425 2401 488 2459 aut
503 2389 698 2480 Pompeius
720 2388 895 2460 irritasset
915 2388 1104 2458 Caesarem
1127 2387 1192 2458 aut
1207 2387 1294 2457 Cae·
1345 2402 1457 2459 retur.
1509 2387 1627 2480 Quam
1647 2391 1692 2458 ad
1708 2412 1785 2457 rem
1802 2385 1958 2460 habebat
1974 2385 2177 2460 hortatores
2198 2389 2338 2461 amicis·

303 2510 363 2562 sar
394 2489 555 2562 irritatus
587 2517 667 2561 cnm
702 2503 804 2561 tanto
830 2491 1050 2585 reipublicae
1077 2490 1294 2561 detrimento
1345 2491 1456 2562 simos
1478 2489 1613 2581 Reges,
1653 2491 1866 2581 cognatione
1899 2516 1939 2561 ac
1961 2493 2166 2564 foederibus
2185 2491 2254 2564 sibi
2276 2493 2358 2562 de-'

301 2593 482 2684 privatam
498 2595 667 2664 iniuriam
685 2595 780 2665 ultus
792 2608 896 2678 esset,
921 2593 990 2664 nisi
1005 2605 1156 2688 uterque
1171 2591 1293 2662 auimo
1317 2617 1322 2727 Ι
1346 2595 1505 2675 vinctos,
1537 2592 1657 2685 etqui
1680 2594 1861 2683 periculo,
1891 2596 1987 2687 qnod
2013 2595 2178 2665 a'l'urcis
2199 2593 2339 2685 impera·

302 2718 369 2765 suo
394 2719 532 2764 rnorem
555 2721 697 2785 gerere,
724 2721 832 2790 quam
851 2697 889 2767 in
904 2719 1095 2776 commune
1109 2696 1294 2767 consulere
1345 2697 1472 2774 debat,
1490 2709 1607 2764 erant
1633 2696 1808 2786 proximi,
1833 2695 2053 2765 Vladislanm
2080 2698 2214 2785 Regem
2237 2696 2337 2766 flun-

303 2797 520 2887 reipublicae
546 2800 739 2869 maduisset.
790 2799 873 2870 Non
897 2799 1011 2867 dicam
1035 2795 1093 2868 hic
1115 2802 1160 2868 de
1183 2799 1295 2891 Sylla,
1345 2800 1485 2890 gariae,
1512 2812 1547 2867 et
1565 2797 1832 2887 sigismundum
1854 2798 1988 2888 Regem
2010 2799 2197 2868 Poloniae.

303 2899 424 2969 Mario
450 2913 486 2969 et
507 2900 704 2982 similibus,
736 2926 891 2992 quorum
916 2925 992 2968 non
1014 2902 1130 2972 solum
1154 2901 1293 2970 infinita
1449 2896 1572 2994 ltaque
1603 2925 1682 2970 cum
1714 2902 1851 2970 videret
1879 2904 1925 2970 ad
1952 2925 2028 2970 rem
2052 2913 2189 2970 tantam
2213 2897 2337 2970 ltaliae

303 3002 475 3086 ambitio,
509 3005 571 3074 sed
593 3003 784 3073 crudelitas
800 3004 907 3072 etiam
925 3004 1112 3073 barbarica
1140 3003 1294 3073 odiodi·
1345 3002 1608 3096 tranquillitate
1626 3028 1716 3094 opus
1733 3028 1827 3084 esse,
1855 3004 2012 3095 primum
2030 3000 2187 3074 Venetos
2204 3003 2337 3075 fractos
2403 3036 2428 3055 ἰ

301 3127 374 3195 gns
393 3106 472 3176 fuit.
528 3105 675 3199 Quanto
698 3107 777 3196 plus
799 3130 906 3176 verae
927 3106 1043 3176 laudis
1068 3107 1186 3176 meriti
1210 3118 1294 3176 sunt
1344 3105 1417 3175 iam
1439 3106 1548 3195 longo
1572 3105 1688 3188 bello,
1715 3131 1758 3176 ac
1780 3120 1939 3197 petentes
1960 3130 2107 3198 pacem,
2133 3104 2238 3176 certis
2252 3127 2337 3175 con-

302 3208 509 3299 Scipiones,
541 3208 602 3302 qui
625 3210 716 3276 adeo
738 3208 838 3276 domi
861 3209 1012 3279 modesti
1041 3210 1206 3291 fuerunt,
1243 3221 1294 3291 ut,
1345 3207 1542 3278 ditionibus
1565 3208 1634 3279 sibi
1652 3208 1833 3292 adiunxit,
1859 3222 1895 3279 et
1911 3234 1956 3278 ne
1974 3233 2045 3302 qua
2069 3208 2143 3287 odii
2171 3222 2234 3278 aut
2253 3206 2357 3282 belli.

303 3310 471 3406 quamvis
499 3334 574 3381 non
603 3311 741 3382 levibus
766 3310 908 3383 iniuriis
930 3307 1137 3403 provocati,
1173 3327 1294 3381 tamen
1345 3313 1481 3383 semina
1507 3323 1624 3383 essent
1645 3311 1805 3407 reliqua,
1838 3325 1873 3382 et
1891 3312 2064 3383 beneficio
2089 3309 2246 3382 devincti
2264 3334 2337 3381 me·

256 3470 258 3473 -
302 3410 395 3484 nihil
417 3414 527 3505 paulo
550 3410 795 3499 vehementius
817 3439 975 3509 unquam
1000 3416 1166 3498 fecerint,
1194 3415 1293 3486 nulla
1344 3415 1454 3485 liores
1483 3428 1619 3497 essent,
1654 3416 1792 3510 aliquot
1821 3418 1946 3497 urbes,
1978 3416 2015 3483 in
2039 3416 2169 3509 quibus
2191 3413 2336 3484 Verona

303 3541 398 3586 nova
424 3516 573 3587 consilia
595 3530 719 3585 contra
742 3518 836 3607 leges
856 3513 1087 3609 susceperint⁴
1318 3531 1441 3605 ,erat3
1468 3518 1563 3587 ultro
1586 3518 1656 3589 illis
1681 3520 1804 3599 cessit,
1836 3544 1877 3585 ac
1901 3521 2073 3587 tenendas
2097 3517 2212 3595 ‹ledit;
2244 3528 2281 3583 et
2298 3527 2338 3586 ut

408 3619 507 3689 Talis
528 3620 596 3689 fuit
616 3620 654 3689 in
679 3619 927 3690 Maximiliauo
950 3621 1171 3702 moderatio,
1203 3644 1293 3690 sem·
1319 3609 1322 3620 ⁴
1344 3646 1464 3711 regem
1479 3618 1655 3690 Franciae
1678 3624 1723 3689 ad
1745 3645 1972 3690 communem
1991 3622 2101 3689 totins
2118 3619 2219 3689 orbis‘
2235 3612 2338 3687 Chri·

301 3745 370 3814 per
390 3736 432 3790 ut
452 3747 679 3792 communem
704 3723 801 3793 orbis
825 3722 1119 3817 ¹tranquillitatem
1144 3723 1294 3814 privatis
1344 3723 1451 3795 stiani
1467 3745 1608 3792 causam
1626 3724 1848 3813 adiungeret,
1876 3747 1998 3814 passus
2015 3736 2067 3794 est
2083 3746 2163 3792 eum
2183 3721 2338 3792 retinere

300 3837 340 3894 ct
364 3824 578 3895 utilitatibus
600 3839 636 3893 et
658 3826 842 3897 affectibus
857 3827 1060 3895 anteferret.
1112 3827 1226 3916 Saepe
1243 3824 1293 3891 vi·
1344 3822 1606 3899 Mediolanum.
1781 3828 1786 3839 '

303 3939 383 3997 ctor
405 3952 484 3997 cum
501 3928 621 3996 aliena
636 3917 769 4018 regna,
796 3954 875 3998 curn
894 3931 1118 3999 adversarios
1134 3928 1294 3998 funditus
1449 3925 1499 3998 lta
1529 3940 1653 4019 pacata
1679 3924 1830 4018 Europa
1861 3953 1958 3997 anno
1982 3925 2218 3998 Ml..llVlll.
2242 3926 2337 3997 Con·

302 4031 423 4099 delere
447 4046 584 4120 posset,
619 4043 739 4100 tamen
766 4033 927 4123 perfectis
954 4032 1056 4101 bellis
1080 4032 1236 4102 ostendit
1257 4055 1293 4101 se
1345 4044 1492 4101 ventum
1508 4033 1689 4121 Augustae
1708 4033 1856 4113 indixit,
1882 4034 1920 4100 in
1938 4057 2011 4125 quo
2030 4043 2228 4111 conventu,
2255 4053 2335 4098 cum
2437 4107 2444 4120 ,

302 4133 468 4225 publicae
492 4133 761 4226 tranquillitatis
783 4138 936 4204 tuendae
958 4159 1061 4204 causa
1079 4159 1180 4203 arana
1198 4159 1294 4205 sum·
1345 4136 1390 4203 de
1413 4135 1513 4203 omui
1540 4134 1678 4203 ratione
1705 4135 1875 4203 movendi
1897 4134 1980 4203 belli
2009 4135 2178 4203 adversus
2199 4130 2337 4201 'furcas

302 4236 401 4308 sisse.
439 4234 535 4306 Nam
550 4238 720 4326 repressis
737 4233 910 4319 hostibus,
933 4237 996 4331 qui
1013 4237 1191 4328 publicam
1209 4261 1293 4305 con·
1345 4250 1436 4308 esset
1461 4262 1542 4307 cusu
1566 4237 1790 4307 Germanicis
1814 4234 2042 4327 Principibus
2062 4235 2336 4316 deliberaturus,
2412 4303 2419 4314 ,

303 4339 539 4408 turbaverant
563 4340 880 4433 tranquillitatem,
901 4354 940 4408 et
961 4341 1091 4410 iniusta
1107 4341 1200 4409 bella
1216 4365 1294 4408 mo·
1346 4340 1502 4422 curavit,
1536 4352 1575 4410 nt
1596 4365 1637 4408 eo
1661 4340 1826 4409 venirent
1849 4341 1956 4409 etiam
1973 4338 2132 4407 Romani
2152 4336 2336 4408 Pontificis

219 4482 222 4488 -
300 4451 453 4522 verant,
478 4442 633 4509 mirabili
656 4443 842 4512 clementia
866 4468 930 4512 seu
953 4467 1134 4526 errorem,
1159 4468 1223 4513 scu
1244 4454 1294 4510 te·
1346 4456 1382 4513 et
1402 4443 1565 4513 omniurn
1583 4443 1720 4532 llegnnr
1745 4443 1870 4533 legati,
1897 4456 1937 4513 nt
1955 4441 2103 4531 intelligi
2126 4452 2244 4532 posset
2258 4445 2336 4508 casa2
2429 4517 2431 4524 y

237 4609 239 4614 .
302 4533 506 4616 merisuu'n
524 4547 730 4614 condonare
749 4546 875 4616 solitas
893 4555 955 4615 est.
994 4544 1046 4613 Ac
1061 4546 1091 4615 si
1107 4545 1188 4639 quis
1204 4545 1295 4615 alius
1346 4560 1442 4616 teros
1456 4544 1573 4636 Reges
1594 4570 1668 4614 uon
1691 4548 1875 4617 defuturos
1898 4569 1972 4616 esse
1995 4544 2179 4630 communi
2195 4563 2335 4614 causae.

302 4645 444 4737 Regum
470 4647 542 4716 nlla
567 4662 703 4732 aetate,
728 4644 789 4719 hic
812 4673 895 4718 vere
913 4649 1092 4740 praestitit
1111 4648 1169 4730 id,
1196 4649 1294 4743 quod
1345 4648 1471 4719 Multis
1492 4649 1563 4717 ianr
1583 4644 1775 4718 aunisnon
1797 4651 1915 4719 fuerat
1936 4647 2159 4741 frequentior
2181 4666 2337 4714 conven-

207 4760 208 4763 ’
302 4752 351 4819 ad
372 4774 552 4820 summum
570 4751 705 4843 Regem
723 4753 965 4822 Alexandrum
977 4750 1187 4824 Aristoteles
1210 4749 1295 4821 scri·
1347 4764 1416 4822 tusa
1454 4750 1545 4822 Nam
1561 4750 1745 4821 dilectores
1761 4752 1810 4819 ibi
1828 4739 1931 4821 eraut
1942 4776 2015 4831 sex,
2037 4764 2072 4819 et
2089 4748 2221 4819 caeteri
2231 4747 2337 4817 Prin·

302 4853 386 4944 psit,
412 4878 494 4923 rum
510 4850 677 4924 hortatur
693 4880 788 4937 curn,
814 4868 853 4925 nt
869 4854 1072 4924 meminerit
1087 4857 1195 4945 regna
1214 4852 1295 4922 dari
1346 4854 1441 4945 cipes
1475 4855 1695 4945 potentiores
1721 4852 1882 4947 plerique
1914 4877 2049 4923 omnes.
2109 4852 2270 4921 Aderant
2301 4860 2338 4918 et
2383 4881 2391 4896 =

300 4957 452 5028 summis
479 4958 585 5040 viris,
616 4970 658 5027 ut
686 4959 855 5028 universo
879 4956 1001 5049 generi
1026 4953 1187 5027 humano
1210 4979 1295 5048 pro·
1346 4958 1485 5046 Regum
1514 4956 1751 5048 plurimorum
1781 4958 1898 5046 legati.
1957 4953 2088 5025 Leonis
2111 4956 2172 5036 X„
2204 4950 2336 5024 sunnni

302 5060 394 5143 sint,
425 5074 564 5131 non-nt
586 5062 733 5152 superbi
756 5074 791 5130 et
810 5060 1060 5131 contumeliosi
1076 5060 1148 5129 sint
1165 5062 1296 5128 adver·
1345 5059 1550 5140 Pontificis,
1591 5061 1698 5150 legati
1731 5072 1835 5128 eraut
1865 5053 2068 5130 Matthaeus
2090 5057 2246 5146 bangius
2269 5058 2336 5126 Ar·

301 5161 646 5234 sus-imbecilliores.
919 5223 921 5228 .
1347 5158 1595 5253 chiepiscopns
1609 5161 1889 5252 Salzlungensis,
1915 5176 1949 5230 ct
1965 5157 2126 5232 Thomas
2144 5160 2337 5230 Caietanus

371 5325 375 5332 ,
404 5266 496 5337 Nam
520 5293 600 5335 cum
625 5280 754 5336 natura
779 5280 888 5348 esset,
914 5281 954 5337 ut
979 5293 998 5333 a
1025 5263 1296 5357 sapientissimis
1348 5264 1549 5335 Cardinalis
1573 5266 1608 5337 S.
1623 5267 1731 5346 Sirti,
1759 5259 2015 5359 quiquoniam
2041 5291 2084 5333 ex
2107 5266 2195 5334 urbe
2219 5261 2334 5330 Roma

301 5368 391 5444 viris
413 5370 557 5451 arulivi,
583 5370 645 5462 qui
667 5395 748 5439 euru
766 5369 1044 5453 familiarissime
1060 5380 1217 5451 nonant,
1242 5367 1296 5435 in·
1348 5368 1582 5451 adveniebat,
1608 5394 1681 5438 uon
1697 5369 1816 5439 statim
1836 5368 1940 5436 initio
1961 5381 2158 5438 conventus
2176 5369 2312 5434 aderat.

300 5471 408 5563 genio
424 5472 700 5555 modestissimo,
714 5472 859 5542 accessit
875 5472 981 5542 etiarn
996 5470 1217 5541 sanctissima
1232 5470 1296 5539 do·
1450 5470 1574 5564 ltaque
1597 5471 1727 5541 Caesau·
1759 5470 1862 5542 initio
1888 5470 2097 5561 Principum
2121 5496 2163 5540 ac
2187 5467 2335 5560 populo·

300 5576 419 5648 utrina
434 5572 659 5645 Christianae
679 5574 883 5664 religionis,
909 5599 1100 5669 quaecum
1122 5573 1297 5644 incitabat
1348 5598 1429 5643 ruris
1446 5573 1661 5643 Gerusarniae
1686 5599 1809 5644 causas
1833 5574 1989 5656 audivit,
2018 5588 2053 5643 et
2076 5569 2338 5642 controversias

300 5702 382 5748 cum
399 5681 445 5747 ad
460 5677 617 5748 caeteras
631 5678 779 5746 virtutes
794 5677 972 5759 colendas,
988 5690 1065 5747 tum
1080 5677 1236 5746 maxime
1251 5678 1295 5745 ad
1348 5676 1524 5757 diremit,¹
1538 5701 1583 5745 ne
1608 5702 1680 5769 qua
1705 5678 1844 5767 privata
1867 5675 2041 5748 dissensio
2063 5688 2184 5766 postea
2205 5672 2337 5742 delibe-

301 5784 589 5852 moderationem
607 5782 645 5850 in
663 5778 837 5870 imperio,
855 5792 903 5849 nt
919 5780 1139 5853 meminisset
1160 5804 1198 5849 se
1220 5802 1296 5848 non
1349 5782 1508 5850 rationes
1521 5781 1564 5850 de
1580 5780 1676 5850 bellu·
1687 5779 1846 5851 zfurcico
1866 5780 2131 5849 interturbaret.
2159 5776 2204 5845 Fa
2221 5797 2337 5867 quou-
