5534 6700
434 612 514 695 6oe
988 665 990 669 .
1059 605 1182 682 Pttlt..
1208 605 1323 681 affin
1349 604 1555 681 SCRIPTA
1578 604 1851 680 ffls'rontct:
2399 610 2481 689 604

436 789 572 862 nonius
596 786 673 860 sine
698 780 950 865 dimicatione,
990 782 1087 875 quod
1111 805 1186 851 non
1216 781 1370 865 fecisset,
1395 779 1426 850 si
1485 775 1751 851 conditionibus
1783 779 2038 864 deliberaturi,
2082 802 2173 874 quas
2199 779 2321 852 Caroli
2351 784 2480 878 legatis

439 880 596 965 duGrnm
625 891 777 957 fratrum
802 884 947 976 ingenia
977 897 1012 953 et
1035 884 1129 956 vires
1152 883 1433 977 contempsisset.
1483 880 1707 973 proposituri
1734 896 1858 969 erant,
1897 883 1961 977 qui
1984 882 2196 974 Mogontiae
2219 897 2386 957 eventurn
2419 914 2480 960 ex-

440 995 566 1090 Qnare
597 1014 673 1061 non
707 987 833 1060 dubito
866 1010 971 1081 posse
1000 986 1087 1056 iniri
1113 985 1291 1057 rationem
1321 988 1432 1057 electo
1484 984 1686 1075 pectebant.

441 1093 659 1171 Germanico
681 1091 862 1184 principe,
894 1114 941 1160 ne
965 1088 999 1158 ei
1019 1089 1132 1173 vires,
1158 1091 1304 1182 copiae,
1331 1112 1432 1158 arma
1586 1084 1672 1156 Fuit
1687 1086 1796 1179 igitur
1814 1090 1858 1158 de
1883 1087 2150 1159 conditionibus
2176 1088 2245 1160 illis
2269 1103 2395 1183 postea
2417 1119 2483 1184 per

440 1199 559 1271 desint
581 1197 627 1265 ad
652 1195 822 1265 tuendam
842 1190 1074 1263 autoritatem
1090 1193 1189 1261 domi
1205 1205 1241 1262 et
1258 1193 1355 1285 apud
1372 1215 1435 1261 ex·
1484 1187 1625 1282 aliquot
1649 1191 1725 1261 dies
1748 1214 1823 1259 non
1848 1191 1968 1261 minus
1990 1190 2250 1276 contentionis,
2277 1218 2373 1288 quae
2399 1222 2483 1289 per·

439 1315 578 1375 gem.
1484 1290 1638 1382 scriptae
1667 1305 1702 1361 et
1723 1292 1950 1384 Mogontiam
1973 1295 2021 1362 ad
2049 1295 2185 1385 legatos
2213 1295 2365 1382 missae,
2398 1323 2481 1370 cum

542 1399 702 1493 Exposui
732 1396 915 1490 opinionis
941 1402 1085 1481 causas,
1117 1419 1193 1465 non
1213 1409 1255 1467 ut
1276 1397 1435 1490 postulat
1486 1405 1604 1464 essent
1618 1407 1806 1486 receptae,
1835 1396 1911 1477 dies
1928 1396 2158 1467 constituitur
2171 1397 2281 1469 eundi
2295 1400 2335 1469 in
2353 1402 2482 1473 suffra·

438 1505 653 1597 magnitudo
684 1500 839 1594 negotii,
875 1501 937 1571 sed
968 1486 1072 1568 ut'in
1095 1498 1296 1592 praesentia
1319 1499 1435 1593 potui,
1486 1494 1584 1587 ςίιιιιι
1598 1497 1740 1567 solenni
1755 1522 1868 1570 more.
1919 1496 2044 1592 ltaque
2064 1523 2189 1572 rursus
2212 1524 2316 1572 sacro
2337 1505 2480 1595 publice

439 1609 667 1700 maximeque
693 1603 799 1696 cupio
823 1603 968 1685 audire,
1009 1602 1097 1696 quid
1120 1602 1281 1673 iudicent
1303 1602 1435 1672 caeteri
1484 1598 1599 1681 facto,
1629 1599 1779 1692 ingressi
1800 1601 1839 1669 in
1864 1602 2059 1672 sacrarium
2079 1602 2231 1674 interius
2250 1606 2378 1698 templi
2391 1605 2481 1676 Divi

440 1709 644 1791 Electores,
677 1708 741 1801 qui
762 1706 825 1776 diu
844 1703 992 1798 Imperii
1009 1704 1166 1777 consiliis
1183 1704 1435 1791 interfuerunt,
1484 1696 1756 1772 Bartholomaei
1780 1704 1950 1796 suffragia
1971 1705 2091 1776 ferunt
2113 1702 2338 1780 hoc'ordine.
2390 1709 2483 1780 Coe-

442 1815 507 1910 qni
538 1809 756 1883 Germaniae
788 1820 922 1880 statum
958 1819 994 1876 et
1025 1807 1138 1892 vires,
1174 1807 1237 1903 qni
1271 1808 1435 1879 omniurn
1487 1816 1544 1875 tus
1566 1802 1771 1877 Electorum
1802 1807 1962 1902 reliquus
1988 1807 2188 1901 interrogat
2210 1810 2482 1903 Mog'untinum,

441 1915 647 2009 principum
669 1909 812 2002 ingenia
836 1924 872 1981 et
887 1910 1073 1981 facultates
1088 1923 1243 1995 norunt,
1276 1912 1340 2005 qui
1356 1909 1437 1980 Ma·
1487 1929 1594 2001 quem
1618 1907 1724 2000 eligat
1742 1909 1876 2001 Regem
1893 1908 2145 1981 Romanorum
2172 1923 2208 1981 et
2226 1913 2387 1984 futurum
2410 1911 2483 1985 lm·

359 2011 363 2017 ⁸
441 2014 782 2090 ximilianitonsilia
798 2015 966 2084 derebus
983 2008 1039 2084 his
1059 2012 1312 2085 meminerunt.
1364 2012 1436 2083 De·
1487 2020 1705 2101 peratorem.
1771 2009 2048 2105 lsrcspondet,
2088 2037 2126 2084 se
2154 2014 2284 2106 eligere
2306 2015 2482 2088 Carolum

442 2121 554 2216 nique
587 2117 650 2212 qui
682 2118 830 2209 longum
865 2116 903 2185 in
937 2115 1250 2186 administratione
1289 2113 1436 2208 Imperii
1486 2107 1724 2184 Archiducem
1739 2115 1916 2187 Austriac.
1967 2114 2107 2186 Deinde
2123 2129 2158 2186 et
2172 2116 2407 2209 Mogontinus
2423 2144 2483 2190 re·

442 2248 548 2296 usum
580 2215 736 2303 habent,
767 2242 923 2313 quorum
956 2242 1037 2289 cum
1066 2218 1215 2289 audiero
1242 2219 1437 2304 orationes,
1487 2214 1606 2309 liquos
1628 2216 1837 2309 interrogat.
1903 2218 1981 2288 Hoc
2008 2220 2119 2289 modo
2141 2221 2303 2291 omnium
2329 2245 2482 2294 consen-

443 2327 489 2397 de
509 2336 644 2395 tutare
665 2322 871 2414 diligentius
897 2322 1079 2413 disputare
1104 2334 1244 2414 potero.
1488 2317 1658 2389 tientibus
1681 2320 1858 2411 suffragiis
1874 2319 2026 2392 Carolus
2046 2323 2177 2394 electus
2197 2335 2249 2393 est
2267 2321 2482 2417 Imperator.

462 2450 464 2455 ·
548 2425 639 2497 Gom
655 2425 774 2496 dicere
787 2424 949 2497 desiisset
966 2422 1116 2506 Trevir,
1142 2423 1243 2493 taciti
1260 2424 1437 2519 aliquam·
1488 2417 1628 2490 Deinde
1649 2422 1817 2513 suffragia
1843 2423 1954 2492 relata
1979 2437 2063 2495 sunt
2080 2425 2117 2493 in
2134 2426 2277 2510 literas,
2304 2438 2340 2496 et
2353 2429 2482 2496 confar-

443 2530 507 2601 din
527 2530 698 2601 sederunt
720 2527 921 2620 principes,
962 2516 1136 2620 tanquam
1161 2525 1284 2597 defixis
1306 2527 1437 2598 animis
1488 2534 1584 2591 mata
1608 2524 1831 2616 singulorum
1854 2526 1989 2618 sigillis.
2040 2527 2170 2598 Postea
2193 2529 2362 2600 accersita
2377 2529 2482 2600 nobi·

442 2633 484 2703 in
505 2630 723 2724 cogitatione
747 2629 934 2723 utriusque
958 2628 1145 2700 orationis.
1213 2627 1436 2721 Exaggerato
1487 2625 1587 2694 litate
1612 2650 1653 2695 ac
1677 2627 1906 2698 multitudine
1929 2631 2117 2714 universa,
2152 2632 2292 2722 publice
2310 2632 2403 2701 facta
2427 2644 2482 2702 est

443 2734 541 2807 enim
563 2732 809 2824 magnitudine
833 2730 1074 2825 periculorum
1093 2731 1133 2800 in
1149 2742 1303 2826 utraque
1320 2744 1437 2824 parte,
1487 2729 1730 2813 renuntiatio,
1755 2754 1835 2801 cum
1854 2731 1892 2799 in
1909 2727 2002 2801 banc
2023 2733 2235 2803 sententiam
2257 2729 2383 2804 babuit
2399 2734 2481 2803 Mo-

444 2839 673 2933 qnoruudam
709 2834 850 2906 animos
880 2829 1048 2903 nonnihil
1073 2833 1266 2925 impulerat
1291 2834 1437 2919 Treuir,
1489 2831 1659 2922 guntinus
1673 2832 1885 2904 orationem.

442 2953 484 3013 ut
500 2942 547 3010 ad
561 2940 652 3010 illud
666 2939 917 3020 decurrerent,
942 2949 984 3007 ut
999 2936 1138 3007 omissis
1153 2935 1312 3028 Regibus
1328 2960 1437 3031 quae·
1591 2932 1700 3026 Quod
1713 2936 1796 3005 felix
1810 2936 2038 3030 faustumque
2054 2938 2100 3008 sit
2114 2937 2293 3009 Ecclesiae
2308 2934 2482 3009 Christia-

442 3054 567 3113 rercnt
588 3040 745 3134 aliquem
772 3039 882 3109 alium
903 3062 946 3107 ex
963 3037 1187 3109 Germanicis
1202 3039 1438 3131 principibus.
1488 3059 1576 3120 nae,
1608 3034 1764 3129 Imperio
1785 3051 1910 3108 nostro
1934 3050 1971 3109 et
1993 3041 2151 3132 patriae,
2184 3042 2353 3112 renuntio
2376 3041 2481 3114 vobis

444 3143 514 3217 sed
526 3140 624 3215 hune
638 3153 870 3236 quaerentes,
895 3141 1024 3212 animis
1040 3141 1153 3233 magis
1168 3140 1276 3210 etiam
1296 3141 1438 3212 dubita·
1489 3139 1640 3209 electum
1660 3163 1735 3210 esse
1752 3140 1886 3231 Regem
1902 3141 2175 3228 Romanorum,
2201 3157 2237 3214 et
2253 3144 2481 3237 designatum

420 3248 546 3317 bant.
587 3242 717 3317 lnbent
732 3243 841 3336 igitur
857 3244 1003 3317 tandem
1019 3242 1243 3315 fridericum
1259 3243 1437 3315 Saxoniae
1488 3240 1766 3333 Imperatorem,
1801 3243 1970 3314 Carolum
1993 3241 2233 3317 Archidueem
2254 3246 2422 3319 Austriae
2444 3259 2482 3317 et

444 3346 603 3433 Ducem,
628 3360 718 3418 natu
734 3350 952 3430 maximum,
977 3371 1079 3419 suam
1096 3346 1309 3418 sententiam
1328 3371 1438 3440 expo·
1488 3342 1740 3437 Burgundiae,
1766 3345 1900 3439 Regem
1917 3346 2125 3441 Hispaniae.
2177 3350 2258 3445 Qua
2280 3350 2320 3421 in
2343 3375 2383 3421 re
2407 3351 2482 3442 pri·

444 3477 553 3537 nere,
579 3450 642 3546 qui
667 3474 780 3543 pauca
803 3451 984 3542 praefatus
1000 3452 1045 3520 de
1062 3451 1160 3540 lege,
1186 3450 1295 3536 dixit,
1327 3451 1438 3520 inter·
1489 3473 1589 3518 mum
1619 3451 1777 3541 agendae
1806 3463 1889 3521 sunt
1912 3449 1990 3521 Deo
2021 3454 2176 3543 gratiae,
2209 3456 2309 3549 quod
2340 3477 2481 3526 summa

443 3554 685 3650 pretationem
703 3552 846 3623 Treviri
865 3552 1089 3623 subtiliorem
1112 3577 1206 3637 csse,
1233 3576 1342 3649 quam
1366 3576 1438 3648 qua
1490 3553 1681 3622 concordia
1718 3564 1753 3622 et
1786 3554 2088 3627 consentientibus
2114 3554 2320 3627 Electorum
2346 3556 2483 3649 princi·

444 3657 500 3730 uti
523 3659 621 3750 ipsos
648 3658 788 3735 deceat;
829 3654 1058 3750 addiditque,
1096 3679 1173 3725 non
1199 3656 1438 3727 dubitandum
1490 3679 1575 3746 pum
1591 3654 1769 3747 suffragiis
1781 3679 1838 3728 res
1854 3669 1952 3729 tanta
1970 3659 2123 3750 perfecta
2139 3672 2203 3731 est.
2254 3659 2479 3751 Saepeenim

445 3783 543 3844 esse,
581 3758 671 3853 quin
697 3758 753 3826 lex
781 3758 954 3850 impediat
978 3759 1074 3829 Galli
1097 3759 1328 3844 electionem,
1362 3759 1438 3851 pla·
1490 3769 1594 3826 antea
1628 3782 1709 3829 cum
1743 3757 2033 3832 dissentientibus
2058 3759 2264 3833 Electorum
2290 3761 2415 3833 studiis
2442 3774 2481 3831 et

444 3888 534 3934 num
568 3874 603 3931 ct
631 3861 720 3930 illud
749 3883 844 3943 esse,
879 3860 1051 3931 Carolum
1075 3886 1157 3933 vere
1178 3861 1437 3933 Germanicum
1489 3860 1735 3933 voluntatibus
1755 3862 1886 3933 diversi
1908 3863 2141 3956 eligerentur,
2174 3878 2253 3935 orta
2276 3878 2360 3937 sunt
2383 3864 2482 3935 inter

445 3964 646 4060 principem
669 3986 766 4046 esse,
800 3974 835 4032 et
856 3964 894 4032 in
912 3963 1107 4034 Germania
1133 3965 1354 4037 domicilium
1374 3961 1438 4034 lta-
1489 3963 1692 4036 Germanos
1711 3965 1803 4033 bella
1825 3966 1942 4036 civilia
1959 3968 2065 4059 plena
2081 3968 2184 4059 impii
2198 3968 2331 4040 furoris
2350 3978 2387 4037 et
2401 3990 2484 4036 crn-

442 4071 546 4147 bere3
590 4079 626 4137 et
658 4089 749 4157 opus
777 4090 851 4137 esse
886 4062 942 4137 bis
973 4067 1187 4139 turbulentis
1215 4068 1438 4160 temporibus
1489 4067 1663 4151 delitatis,
1690 4066 1729 4136 in
1755 4068 1884 4162 quibus
1906 4071 2006 4139 domi
2027 4083 2152 4141 mutua
2172 4075 2279 4143 caede
2294 4069 2484 4143 flosnobi·

443 4170 620 4265 principe,
643 4169 706 4264 qui
723 4170 954 4240 autoritatem
968 4170 1101 4240 virtute
1117 4182 1152 4241 et
1166 4172 1326 4262 potentia
1344 4172 1437 4242 tueri
1488 4170 1600 4241 litatis
1632 4169 1806 4245 extinctus
1835 4169 1899 4244 est.
1929 4191 1939 4208 ⁸
1955 4174 2177 4267 Absumptae
2188 4171 2196 4247 J
2206 4174 2351 4267 imperii
2366 4172 2483 4257 ⁸vires,

442 4273 568 4368 possit.
619 4269 704 4342 ldeo
724 4296 762 4343 se
783 4297 857 4342 non
872 4273 1057 4358 dubitare,
1084 4274 1174 4369 quin
1190 4275 1357 4347 omnibus
1374 4298 1437 4342 an·
1489 4297 1531 4343 ac
1548 4295 1662 4366 paene
1678 4272 1844 4345 universa
1861 4274 2057 4345 Germania
2072 4276 2111 4345 in
2126 4277 2356 4349 solitudinem
2373 4276 2483 4346 vasti-

443 4377 648 4448 teferendus
673 4375 720 4446 sit
748 4374 899 4447 Carolus
923 4372 1108 4448 Archidux
1132 4377 1309 4449 Austriae.
1366 4376 1437 4447 Sed
1489 4387 1672 4471 tatcmque
1693 4378 1837 4446 redacta
1858 4390 1921 4449 cst.
1959 4377 2064 4451 Foris
2079 4393 2196 4449 autem
2215 4404 2350 4451 nomen
2367 4379 2484 4470 impe·

443 4492 566 4550 tamen
581 4478 682 4571 prius
697 4478 920 4548 conditiones
934 4481 1106 4573 quasdam
1123 4481 1155 4549 ei
1169 4482 1333 4552 ferendas
1351 4475 1438 4565 esse,
1489 4478 1536 4548 rii
1550 4478 1664 4550 nostri
1680 4481 1860 4549 contemni
1875 4483 2015 4575 coepit,
2036 4481 2136 4552 ltalia
2152 4484 2315 4569 deficere,
2341 4497 2378 4554 ct
2390 4482 2482 4552 alios

444 4595 486 4653 ut
506 4584 544 4651 in
567 4592 647 4652 tuto
667 4579 713 4652 sit
731 4579 948 4651 Germaniae
966 4581 1131 4666 libertas,
1158 4596 1193 4653 et
1209 4596 1249 4654 ut
1266 4583 1437 4677 pericula,
1488 4574 1613 4676 Reges
1626 4606 1825 4668 accersere,
1857 4584 1998 4656 'l'urcae
2023 4586 2170 4678 impune
2191 4585 2365 4678 grassari,
2392 4586 2481 4653 dum

444 4687 490 4756 de
519 4685 650 4780 quibus
679 4682 898 4776 disputatum
932 4697 1005 4769 est,
1043 4698 1218 4781 qnantum
1253 4686 1438 4779 provideri
1489 4710 1557 4758 nos
1571 4686 1737 4777 impliciti
1750 4687 1953 4759 domesticis
1967 4690 2086 4772 bellis,
2111 4689 2309 4781 reprimere
2325 4711 2387 4758 eos
2404 4709 2483 4756 non

444 4801 582 4881 potest,
609 4800 814 4858 caveantur.
865 4785 1001 4858 Eadem
1026 4790 1203 4860 sententia
1225 4790 1319 4861 dicta
1344 4801 1436 4861 esta
1490 4789 1684 4881 potuimus.
1747 4790 1864 4860 Porro
1896 4804 2071 4886 quantum
2106 4792 2195 4861 mali
2221 4788 2290 4862 hoc
2316 4805 2482 4880 tempore

444 4890 593 4962 caeteris
605 4887 843 4962 Electoribus.
1489 4892 1667 4964 discordia
1684 4890 1885 4964 Electorem
1908 4896 2070 4986 paritura
2094 4894 2188 4965 erat!
2222 4920 2302 4966 cum
2326 4916 2402 4963 non
2422 4916 2483 4963 so-

546 4992 677 5063 'l'revir
699 5019 778 5064 cum
801 4994 940 5065 videret
960 4993 1124 5065 omnium
1147 4993 1288 5065 animos
1308 4996 1355 5063 ad
1369 4994 1437 5065 Ca·
1489 4997 1563 5066 lum
1582 4996 1798 5066 Germaniae
1815 4996 2021 5088 Principes,
2046 4999 2108 5068 sed
2120 4999 2280 5070 fortassis
2295 4997 2404 5068 etiam
2422 5019 2482 5064 ex·

444 5095 563 5166 rolum
585 5096 780 5181 inclinare,
815 5121 1008 5189 agnoscere
1029 5122 1088 5180 se,
1121 5097 1260 5192 inquit,
1285 5096 1437 5169 Germa·
1489 5099 1557 5168 teri
1582 5123 1683 5190 reges
1705 5099 1742 5166 in
1762 5099 1880 5169 media
1895 5100 2088 5169 Germania
2114 5103 2158 5170 de
2178 5099 2322 5194 lmperii
2343 5121 2482 5193 posses-

444 5198 527 5270 niae
542 5201 670 5284 fatum,
690 5213 725 5269 et
741 5200 1008 5293 impendentem
1023 5197 1171 5293 Imperii
1185 5200 1437 5273 mutationem.
1488 5202 1590 5272 sione
1604 5202 1809 5272 dimicaturi
1825 5202 1984 5274 fuissent.
2035 5202 2110 5275 Nec
2126 5203 2254 5273 leviter
2269 5214 2404 5273 tentata
2423 5224 2478 5271 res

444 5302 663 5398 Quanquam
682 5303 792 5395 igitur
805 5328 880 5373 non
896 5305 1027 5376 desinit
1042 5300 1202 5387 hortari,
1231 5317 1272 5374 ut
1287 5304 1436 5396 diligen·
1489 5319 1562 5390 est,
1592 5318 1635 5376 ut
1661 5328 1853 5376 consensus
1880 5319 2003 5378 noster
2031 5306 2296 5378 dissolveretur.
2356 5305 2477 5399 Quare

442 5407 516 5479 tius
535 5402 623 5478 haec
645 5431 703 5479 res
723 5407 960 5494 deliberetur,
993 5422 1114 5479 tamen
1138 5407 1294 5476 affirmat
1316 5432 1353 5478 se
1369 5433 1437 5499 pu·
1488 5432 1554 5500 ego
1577 5410 1723 5504 quidem
1748 5431 1825 5479 non
1847 5410 1967 5480 minus
1989 5422 2139 5502 propter
2160 5409 2390 5480 concordiam
2412 5427 2480 5474 no-

441 5510 557 5582 blicae
587 5510 801 5582 concordiae
837 5533 942 5582 causa
975 5537 1079 5610 quum
1109 5510 1319 5602 suffragium
1353 5534 1434 5581 cum
1487 5524 1620 5594 stram,
1653 5535 1762 5605 ιιιιιιιι
1786 5526 1937 5605 propter
1958 5513 2166 5583 electionem
2189 5512 2326 5606 ipsam,
2351 5512 2479 5592 faetor,

441 5614 514 5687 illis
534 5615 809 5685 coniuncturum
838 5638 925 5685 esse.
983 5613 1060 5684 flac
1083 5613 1258 5684 acerrima
1287 5625 1436 5684 conten·
1487 5613 1638 5709 Deoque
1652 5614 1786 5706 gratias
1806 5639 1892 5708 ago,
1919 5616 1981 5712 qui
1998 5627 2135 5687 mentes
2152 5617 2315 5689 omnium
2332 5616 2374 5685 ad
2392 5634 2482 5681 con-

441 5718 541 5789 tione
562 5719 638 5791 eius
660 5717 732 5788 diei
753 5717 790 5785 in
806 5719 957 5788 multam
975 5730 1117 5788 noctem
1133 5720 1330 5811 producta,
1356 5729 1435 5787 tan·
1487 5718 1648 5788 cordiam
1681 5718 1906 5790 retinendam
1937 5720 2035 5790 flexit
2055 5733 2091 5791 et
2112 5719 2339 5812 gubernavit.
2397 5717 2482 5810 Qua

440 5822 523 5892 dem
559 5823 609 5894 ita
645 5821 852 5907 discednnt,
885 5833 926 5894 ut
950 5820 1130 5914 postridie
1150 5822 1436 5893 conveniant'de
1486 5818 1660 5894 incolumi
1691 5846 1877 5916 speramus
1902 5820 1986 5895 huic
2007 5824 2148 5894 nationi
2173 5847 2249 5894 non
2271 5822 2482 5893 defuturum
