5534 6700
368 584 444 663 aaa
551 582 598 656 v.
647 578 907 657 ursromaa
933 578 1175 683 Quaaoan
1200 559 1481 653 nauraraa
1506 579 1657 655 mnan
1681 578 1916 654 anacteas
1936 522 2218 659 cannones
2329 582 2406 657 sao

365 757 465 826 venit
478 755 539 825 ille
553 778 706 848 sponsus
728 780 809 826 cum
833 754 906 826 suis
928 753 1110 826 sodalibus
1135 750 1181 820 ad
1202 750 1359 842 nuptias,

365 882 519 954 cumque
542 857 615 927 iam
645 855 736 928 bora
767 870 916 953 quarta,
953 856 1057 926 sicuti
1082 855 1133 924 ibi
1158 853 1269 923 moris
1295 866 1359 936 est,

364 962 561 1054 ingressuri
581 975 697 1031 essent
721 961 913 1054 templum,
950 984 1042 1029 unus
1069 983 1112 1027 ex
1135 957 1262 1039 sociis,
1282 955 1360 1050 =qui

365 1089 537 1156 sponsum
556 1064 717 1133 comitati
738 1064 900 1145 fuerant,
934 1061 1053 1152 coepit
1075 1054 1357 1154 inhypocausto

364 1168 520 1260 ineptire
535 1180 570 1235 et
586 1167 708 1237 ludere
722 1190 802 1234 cum
816 1164 1030 1247 bombarda,
1057 1164 1210 1256 opponit
1225 1184 1357 1252 sponso

364 1270 601 1339 bombardam
633 1269 672 1337 in
706 1270 855 1338 modum
885 1267 1087 1336 minitantis
1126 1286 1192 1358 per
1225 1266 1359 1347 iocum,

363 1372 563 1442 bombarda
589 1371 780 1440 eiaculavit
803 1370 971 1463 globum,
1005 1381 1040 1438 et
1061 1367 1229 1465 interficit
1251 1368 1358 1456 spon·

363 1500 443 1546 sum
469 1498 512 1542 eo
537 1478 617 1566 ipso
637 1474 676 1541 in
700 1474 801 1556 loco,
829 1485 864 1544 et
887 1471 1059 1541 continuo
1085 1468 1276 1563 procidens
1299 1478 1358 1536 er·

363 1577 496 1647 tinctus
513 1588 582 1655 est;
617 1576 679 1644 alii
694 1577 828 1646 dicunt
852 1597 1022 1668 sponsam
1045 1598 1066 1642 a
1091 1596 1224 1665 sponso
1247 1572 1358 1640 inter-

362 1681 491 1750 iectam
508 1702 603 1762 esse,
630 1681 729 1773 quod
746 1679 860 1749 multo
878 1677 1014 1747 tristius
1029 1688 1093 1747 est.

465 1813 608 1887 XXXV.
645 1812 805 1887 Lazarus
829 1814 1060 1903 Pannonicus
1085 1800 1266 1907 professor
1288 1810 1358 1882 Pa-

364 1918 507 1989 tavinus
531 1918 818 2010 interrogaverat
838 1918 1035 2012 aliquando
1060 1916 1216 2008 puellam
1241 1917 1359 1987 obses-

364 2046 440 2092 sam
457 2045 477 2089 a
493 2019 670 2119 Diabolo,
697 2044 791 2115 quae
807 2044 995 2114 nunquam
1011 2021 1204 2115 quicquam
1224 2017 1358 2093 didice-

363 2136 421 2192 rat
442 2124 574 2207 latine,
605 2120 668 2218 qui
691 2136 782 2219 esset
805 2123 963 2216 optimus
987 2146 1110 2192 versus
1132 2122 1171 2189 in
1191 2118 1357 2215 Virgilio.

362 2224 566 2317 Respondit
586 2224 770 2296 Diabolus·
787 2250 829 2294 ex
844 2220 989 2318 puella:
1022 2224 1157 2297 Discite
1182 2216 1357 2294 iustitiam

363 2328 495 2396 moniti
511 2340 546 2397 et
562 2352 636 2396 non
653 2342 813 2398 temnere
828 2326 1022 2421 divos¹⁵¹).

466 2460 624 2535 XXXVI.
667 2463 758 2541 Cum
792 2462 1016 2556 aliquamdiu
1046 2454 1236 2532 mediocris
1269 2461 1360 2528 cari-

343 2598 348 2607 ·
365 2577 420 2635 tas
429 2562 477 2662 ¹⁸)
496 2589 662 2635 annonae
678 2578 769 2637 esset
778 2564 825 2661 ¹⁷)
841 2578 876 2635 et
891 2565 1037 2634 tandem
1054 2564 1247 2649 leniretur,
1277 2586 1359 2648 eve·-¹

363 2662 420 2738 hit
443 2691 486 2736 ex
508 2668 631 2739 salinis
652 2667 837 2738 Saxonicis
861 2668 1008 2760 quidam
1031 2664 1204 2749 rusticus,
1236 2664 1358 2758 quiin

363 2770 490 2841 urbem
504 2770 691 2840 invexerat
705 2772 940 2853 frumentum,
962 2782 1003 2839 ut
1017 2770 1199 2853 venderet,
1223 2778 1262 2853 et
1276 2792 1357 2837 cum

363 2871 471 2943 vilius
489 2874 683 2965 cogebatur
697 2875 853 2942 vendere
876 2884 1024 2963 propter
1042 2872 1173 2941 factam
1196 2883 1281 2939 tunc
1303 2894 1359 2940 re·

363 2974 602 3059 laxationem,
641 2974 777 3059 doluit,
823 2975 909 3067 quia
945 2974 1100 3043 multum
1135 2974 1356 3042 frumentum

364 3077 466 3147 domi
504 3073 782 3162 habuerat,..et
811 3076 997 3147 caritatem

364 3192 573 3271 speraverat
589 3204 761 3271 magnum
776 3180 933 3258 lucrum;
960 3177 1176 3268 seditigitur
1193 3176 1231 3245 in
1250 3200 1359 3261 curru

365 3293 536 3366 moestus,
561 3295 597 3352 et
610 3281 773 3353 minister
787 3280 895 3366 illius,
919 3280 983 3376 qui
996 3280 1221 3373 gubernabat
1234 3304 1358 3376 equos,

348 3395 429 3455 'seu
442 3384 566 3477 auriga
583 3386 745 3455 canebat.
781 3382 948 3456 Rusticus
964 3385 1126 3476 increpat
1141 3382 1359 3468 ministrum,

367 3510 481 3580 quare
512 3499 628 3558 canat.
686 3487 889 3578 Respondit
911 3486 1094 3557 minister:
1133 3485 1256 3578 Quare
1282 3510 1359 3556 nou

1033 3076 1246 3145 duraturam
1283 3098 1358 3147 esse
1412 3144 1421 3161 ‚

1412 764 1475 822 est.
1527 752 1626 823 llaec
1641 778 1725 823 vere
1743 778 1816 826 esse
1831 754 2007 824 diabolica
2025 754 2176 849 quilibet
2190 778 2297 828 sanus
2312 756 2406 824 iudi·

1412 881 1492 925 care
1500 868 1635 947 potest.

1513 988 1685 1062 XXXVII.
1724 991 1821 1061 Olim
1848 990 1987 1062 nobiles
2010 993 2118 1060 etiam
2145 992 2182 1059 in
2208 992 2405 1061 Germania

1411 1094 1675 1185 sepeliebantur
1689 1107 1829 1163 tantum
1847 1095 1885 1163 in
1902 1094 2058 1186 campis,
2080 1106 2115 1163 et
2131 1119 2203 1188 quo
2221 1106 2326 1163 erant
2338 1088 2406 1163 ho·

1410 1198 1526 1267 mines
1549 1196 1790 1291 potentiores,
1832 1222 1874 1266 eo
1899 1196 2054 1266 maiores
2078 1198 2208 1266 tumuli
2237 1220 2406 1285 congere-

1410 1300 1554 1370 bantur.
1608 1298 1675 1368 llic
1688 1313 1774 1369 nota
1791 1296 1978 1370 historiam
2003 1302 2047 1369 de
2071 1323 2134 1383 eo,
2170 1299 2234 1395 qui
2253 1300 2406 1391 putaba-

1411 1414 1471 1470 tur
1491 1427 1586 1473 unus
1608 1427 1650 1471 ex
1674 1402 1865 1472 comitibus
1885 1400 2269 1495 Laudespergensium.
2320 1400 2405 1472 Non

1411 1506 1537 1595 procul
1553 1501 1636 1574 hinc
1651 1505 1720 1575 luit
1734 1506 1860 1597 iugens
1884 1504 2042 1575 tumulus
2069 1504 2161 1573 circa
2179 1504 2404 1597 Landsperg,

1411 1604 1494 1676 inde
1524 1608 1648 1679 rustici
1671 1608 1769 1678 soliti
1789 1619 1872 1677 sunt
1893 1608 2016 1677 fodere
2039 1608 2225 1699 argillam,
2256 1609 2403 1676 tandem

1410 1708 1505 1779 inter
1520 1712 1728 1782 fodiendum
1745 1700 1972 1804 reperierunt
1994 1710 2152 1802 lapidem
2175 1710 2403 1805 quadratum.

1409 1810 1507 1883 Ilaec
1521 1838 1579 1899 res
1597 1840 1678 1884 cum
1693 1814 1810 1882 delata
1826 1826 1917 1885 esset
1934 1815 1980 1882 ad
1994 1814 2215 1904 praefectum
2231 1814 2306 1883 eius
2320 1814 2404 1899 loci,

1409 1914 1497 1986 iussi
1510 1922 1603 1987 'sunt
1624 1917 1749 1991 rustici
1780 1915 1948 1995 desistere
1980 1939 2000 1983 a
2027 1914 2220 1999 fodiendo,
2260 1927 2296 1983 et
2318 1915 2403 2007 quia

1410 2008 1598 2090 thesaurus
1612 2018 1819 2109 reconditus
1831 2020 2062 2101 credebatur,
2089 2018 2256 2088 conducti
2277 2030 2361 2087 sunt
2381 2042 2403 2087 a

1409 2123 1611 2211 praefecto,
1653 2122 1717 2216 qui
1749 2122 1959 2193 effoderent.
2029 2118 2250 2221 Invenerunt
2282 2131 2407 2189 autem.

1411 2224 1529 2317 prir'no
1553 2222 1676 2295 silices.
1692 2224 1844 2308 multos,
1880 2236 2004 2318 postea
2030 2224 2223 2307 carbones,
2255 2224 2403 2291 tandem

1409 2322 1533 2396 saxum
1557 2328 1793 2421 quadratum,
1827 2339 1862 2395 et
1882 2339 2067 2420 postremo
2090 2330 2245 2397 cadaver
2265 2327 2402 2415 grande

1411 2452 1454 2497 ac
1474 2451 1678 2519 procerum.
1741 2428 1789 2498 Εἰ
1811 2430 1857 2499 ad
1880 2442 1988 2523 caput
2016 2435 2093 2499 e'rat
2110 2436 2227 2513 urna,
2268 2428 2305 2495 in
2330 2452 2402 2522 qua

1410 2541 1489 2599 erat
1513 2530 1634 2624 liquor
1659 2531 1786 2619 similis
1814 2534 2005 2603 cerevisiae
2032 2546 2067 2603 et
2092 2526 2291 2623 grapheum
2318 2530 2342 2599 i.
2369 2555 2401 2602 e.

1411 2628 1521 2701 aenea
1546 2634 1604 2701 vel
1625 2642 1729 2703 aerea
1756 2650 1895 2724 penna,
1937 2636 2006 2711 oto
2029 2632 2232 2731 [dttibftbtt
2254 2638 2321 2727 cufi
2346 2636 2403 2723 tt}
2439 2716 2443 2723 ‚

1410 2732 1573 2830 fleotomi,
1612 2736 1696 2829 quia
1718 2736 1789 2805 luit
1808 2736 2006 2825 admodum
2029 2761 2154 2807 rarum
2181 2750 2216 2807 et
2237 2734 2404 2804 mirabile

1410 2838 1472 2906 illo
1498 2851 1662 2929 tempore
1689 2838 1727 2908 in
1751 2834 1807 2908 his
1829 2840 2056 2930 regionibus,
2096 2864 2201 2930 posse
2223 2840 2340 2929 legere
2368 2848 2405 2907 et

1410 2924 1584 3024 scrib'ere,
1610 2940 1692 3009 ideo
1719 2941 1882 3011 additum
1907 2955 1961 3013 est
1978 2942 2031 3009 illi
2053 2942 2257 3039 γραφεῖον,
2284 2953 2341 3023 ut,
2373 2938 2405 3008 si

1411 3042 1557 3136 qu'ando
1591 3052 1674 3135 post
1701 3044 1834 3112 multos
1866 3058 1981 3114 annos
2000 3044 2217 3113 effoderetur
2248 3044 2404 3111 cadaver

1410 3145 1533 3237 rpsius,
1555 3142 1721 3216 homines
1734 3146 1867 3216 scirent
1882 3146 1998 3237 ipsum
2015 3146 2170 3217 tenuisse
2189 3158 2301 3216 artem
2319 3144 2405 3215 scri-

1409 3248 1518 3317 bendi
1534 3261 1570 3318 et
1584 3248 1743 3341 legendis
1771 3248 1945 3319 creditum
1964 3261 2016 3320 est
2029 3248 2146 3343 ipsum
2164 3248 2270 3321 luisse
2289 3272 2404 3319 uuum

1392 3375 1455 3421 sex
1475 3350 1664 3423 comitibus
1681 3348 2044 3460 Landspergensium.

1511 3484 1716 3558 XXXVIIII.
1751 3487 1829 3557 Rex
1850 3463 2101 3572 Ptolomaeus,
2130 3488 2194 3581 qui
2209 3485 2404 3576 Euergetes

366 3588 557 3660 canerem?
617 3589 694 3681 Ego
718 3591 854 3674 laetor,
894 3591 993 3683 quod
1016 3611 1162 3659 annona
1191 3588 1237 3659 sit
1265 3588 1358 3658 lacta
1411 3590 1615 3678 dictorem,
1641 3614 1721 3659 cum
1735 3590 1774 3657 in
1790 3590 1946 3681 prandio
1968 3592 2064 3683 apud
2083 3612 2121 3659 se
2144 3585 2295 3659 haberet
2310 3589 2406 3658 Stoi·

364 3691 502 3776 laxior,
528 3692 613 3786 quia
630 3689 738 3763 bodie
753 3693 956 3774 ¹fuitminus
977 3692 1133 3784 pretium
1160 3715 1269 3784 quam
1297 3715 1360 3762 an·
1412 3718 1493 3764 cum
1517 3693 1698 3787 quendam
1722 3691 1966 3784 disputantem
1983 3692 2078 3774 inter
2093 3693 2237 3784 epulas,
2261 3693 2403 3785 sapien-

365 3805 436 3865 tea.
487 3794 673 3867 Rusticus:
698 3794 926 3880 Laetaristu,
951 3795 1089 3889 inquit,
1114 3818 1195 3864 meo
1212 3796 1360 3878 damno,
1412 3808 1485 3866 tem
1500 3819 1577 3865 non
1593 3819 1697 3887 posse
1719 3818 1862 3878 errare,
1888 3796 2062 3887 postridie
2083 3794 2215 3866 iterum
2237 3794 2406 3880 invitavit

366 3920 489 3980 nonne
514 3898 614 3969 vides
636 3922 694 3967 me
716 3923 885 3988 magnam
904 3898 1090 3968 iacturam
1118 3894 1262 3965 facere?
1312 3894 1361 3966 Et
1411 3922 1473 3968 rex
1497 3899 1651 3969 eundem
1681 3892 1961 3991 philosophum,
1999 3911 2035 3970 et
2063 3898 2166 3969 iussit
2186 3899 2261 3969 eia
2287 3920 2403 3992 coquo

366 3998 531 4071 minister
559 4002 677 4093 pergit
707 4003 893 4086 canendo,
933 4002 1072 4070 interea
1106 3998 1183 4070 sibi·
1207 3998 1360 4071 rusticus
1413 4025 1522 4095 quam
1552 4012 1672 4093 posset
1704 4003 1840 4093 optime
1862 4003 2073 4094 praeparari
2097 4003 2260 4070 merdam
2287 3999 2405 4091 specie

367 4116 521 4172 mortem
541 4104 732 4189 conscivit,
758 4105 796 4172 in
811 4126 919 4174 curru
937 4102 1137 4192 strangulat
1157 4126 1194 4172 se
1216 4102 1360 4196 laqueo,
1412 4104 1530 4190 turdi,
1554 4101 1721 4200 quam¹⁸)
1741 4104 1775 4174 ei
1796 4104 1890 4174 inter
1905 4106 2064 4197 reliquos
2078 4103 2177 4188 cibos
2193 4115 2405 4196 apponeret.

367 4218 404 4276 et
423 4207 579 4278 famulus
601 4207 772 4297 ignorans
796 4206 924 4298 pergit.
991 4205 1106 4278 Paulo
1132 4217 1216 4297 post
1237 4229 1361 4276 occur·
1412 4206 1558 4302 Coquus
1573 4220 1826 4301 paratstercus
1843 4219 1878 4276 et
1894 4206 2153 4301 quamoptime
2174 4206 2316 4288 condit,
2344 4228 2406 4296 ap

367 4321 455 4378 runt
468 4310 501 4378 ei
518 4308 601 4393 alii,
627 4310 691 4404 qui
710 4310 834 4379 vident
857 4309 1028 4381 rusticum
1050 4319 1234 4378 mortuum
1262 4319 1359 4377 retro
1412 4307 1561 4406 ponitur
1580 4307 1810 4402 philosopho.
1863 4309 2003 4380 Stoicus
2025 4333 2135 4405 quam
2155 4322 2274 4400 potest
2296 4310 2406 4377 devo-

370 4431 392 4478 a
422 4433 528 4482 curru
558 4412 696 4503 raptari
726 4412 912 4503 alligatum
934 4412 1086 4506 laqueo,
1126 4410 1361 4504 alloquuntur
1412 4427 1470 4483 rat
1493 4427 1653 4496 ¹stercus,
1694 4427 1818 4505 postea
1842 4437 1906 4484 rex
1929 4414 2060 4484 iterum
2085 4412 2285 4504 interrogat
2311 4436 2407 4496 eum,

369 4511 573 4584 ministrum
591 4529 800 4600 canentem,
829 4515 916 4610 quid
932 4528 1036 4605 agat,
1060 4513 1186 4584 iubent
1208 4537 1289 4583 eum
1305 4537 1361 4583 re·
1412 4541 1500 4587 num
1517 4516 1660 4608 sapiens
1674 4518 1787 4607 possit
1800 4541 1935 4589 errare.
1982 4514 2046 4587 llle
2064 4516 2182 4609 coepit
2196 4517 2305 4606 longa
2321 4537 2406 4582 nar·

306 4647 311 4654 ·
368 4615 516 4707 spicere.
567 4615 629 4687 llle
651 4618 857 4690 admonitus
876 4617 1039 4709 respicit,
1069 4616 1168 4686 videt
1187 4641 1224 4686 se
1245 4615 1368 4686 domi·¹
1412 4619 1554 4691 ratione
1570 4619 1701 4689 iterum
1719 4622 1894 4712 probare,
1917 4621 2116 4714 sapientem
2130 4644 2207 4688 non
2226 4641 2330 4712 posse
2351 4640 2406 4684 er-

367 4741 455 4788 uum
484 4713 625 4800 trabere
649 4735 848 4793 mortuum.
911 4720 1119 4791 Perterrelit
1143 4718 1299 4790 famulus
1327 4731 1363 4789 et
1412 4747 1506 4794 rare.
1557 4722 1654 4792 'l'um
1677 4746 1742 4792 rex
1763 4723 1862 4795 iubet
1885 4725 2015 4794 adduci
2035 4747 2212 4817 coquum,
2241 4735 2277 4792 et
2296 4721 2407 4790 inter·
2504 4715 2508 4720 ’

366 4834 450 4892 orat
465 4818 648 4908 homines,¹
673 4850 754 4895 cum
768 4823 878 4894 fuerit
890 4836 1038 4895 vocatus
1051 4823 1090 4891 in
1103 4821 1295 4906 iudicium,
1320 4834 1362 4892 ut
1412 4838 1536 4918 rogat,
1564 4824 1651 4920 quid
1666 4824 1720 4894 illi
1736 4829 1945 4918 apposuerit
1958 4831 2006 4898 ad
2022 4827 2296 4898 comedendum.
2337 4822 2407 4894 Co·

368 4924 481 5004 velint
512 4951 587 4997 esse
618 4940 743 5013 testes,
783 4928 882 5023 quod
908 4928 984 5018 ipse
1006 4925 1140 4996 sederit
1162 4949 1293 4996 canens
1322 4925 1361 4994 in
1413 4954 1505 5024 quus
1533 4928 1634 5021 prius
1663 4928 1874 5014 instructus,
1916 4930 2003 5024 quid
2035 4930 2271 5022 respondeat,
2304 4926 2406 4998 dicit:

366 5049 462 5121 equo
479 5029 651 5120 ignorans
666 5031 820 5115 factum,
845 5054 883 5100 se
905 5030 1067 5123 prolecto
1093 5051 1282 5123 nunquam
1305 5052 1361 5100 re·
1413 5032 1574 5104 Omnino
1604 5055 1669 5102 rex
1697 5032 1873 5126 proposui
1895 5033 1929 5118 ei
1954 5034 2117 5116 merdam
2137 5034 2228 5102 bene
2256 5043 2406 5102 coctam.

365 5131 524 5222 operisse
541 5135 587 5201 ad
605 5133 792 5204 domiuum
816 5158 943 5219 suum,
968 5134 1031 5203 sed
1048 5131 1214 5202 narravit
1236 5133 1286 5203 eis
1306 5142 1362 5201 to·
1413 5136 1491 5207 Rex
1507 5135 1612 5232 quasi
1627 5134 1756 5206 victus:
1780 5136 1878 5230 Quid
1893 5135 1966 5220 illi,
1990 5135 2130 5233 inquit,
2145 5131 2407 5228 proposuisti?

369 5243 443 5302 tam
462 5259 538 5305 rem
554 5249 709 5328 gestam,
742 5250 777 5307 et
801 5237 929 5308 deinde
955 5237 995 5308 in
1020 5235 1154 5308 iudicio
1178 5234 1361 5308 absolutus
1412 5241 1545 5323 fateor,
1580 5262 1656 5308 non
1682 5238 1751 5309 luit
1775 5241 1913 5316 turdus.
1966 5237 2071 5310 Tunc
2095 5263 2231 5335 coquus
2255 5237 2408 5333 protulit

1413 5341 1591 5437 reliquum
1617 5343 1783 5425 merdae,
1816 5342 1975 5437 dixitque
1999 5367 2037 5414 se
2071 5341 2105 5412 ei
2135 5337 2231 5412 bunc
2259 5343 2408 5412 turdum

404 5499 470 5569 w)
488 5501 572 5568 m
590 5503 660 5556 m
679 5498 729 5566 w,
745 5499 807 5552 m
1413 5467 1656 5537 praeparasse.
1709 5442 1806 5516 Tum
1832 5446 1922 5516 dixit
1940 5470 2004 5516 rex
2026 5446 2074 5516 ad
2094 5445 2274 5518 Stoicum:
2309 5443 2407 5536 Ergo

405 5588 453 5658 ts)
472 5586 591 5656 mam]
617 5590 686 5638 »ιω
708 5598 764 5638 m
785 5585 815 5635 tn
838 5585 907 5639 cot.
929 5584 1045 5656 Μι.
1065 5597 1148 5638 m.
1171 5547 1363 5648 „pm-qn
1414 5546 1555 5640 sapiens
1571 5548 1715 5619 erravit.
1766 5546 1819 5618 Ita
1834 5564 1958 5643 postea
1980 5548 2120 5622 Stoicus
2136 5550 2204 5620 luit
2220 5550 2264 5618 ab
2291 5546 2408 5616 omni-

438 5659 569 5792 :rcpippot
593 5658 703 5709 dotem
725 5652 921 5722 „mutata
937 5657 1021 5720 'qnos
1044 5667 1063 5710 c
1084 5655 1175 5721 ,rt-c
1193 5656 1363 5768 aarum
1386 5705 1389 5710 .

405 5814 454 5874 17)
472 5816 563 5874 osset]
580 5815 650 5865 haec
667 5824 722 5864 vox
737 5812 766 5863 tn
783 5809 912 5876 ncrgtno
928 5809 995 5864 ced
1014 5809 1225 5876 sumpta-ut.

424 5897 608 5965 liniam
629 5897 736 5963 om
781 5895 868 5962 Vos..
882 5895 959 5961 XX.

1449 5807 1497 5868 te)
1517 5817 1598 5872 quen
1616 5804 1692 5867 (sou.
1711 5802 1973 5948 nude-aeota
1996 5819 2077 5870 qoem
2093 5803 2171 5866 (solt.
2191 5801 2315 5860 terdon)
