5534 6700
362 637 438 723 661

366 797 514 883 Referta
545 809 899 881 sceleratissimorum
930 807 1132 882 hominum.
1200 811 1359 903 Cupidus

361 917 468 987 lucri.
521 912 640 1012 [Virg.
655 911 745 982 Aen.
759 909 787 995 l,
806 910 938 1017 332.]:
978 912 1127 1007 lgnarus
1151 910 1359 985 hominurn·

365 1043 435 1113 que
448 1018 695 1107 locorumque.
737 1014 869 1088 Fidens
887 1017 1011 1089 animi.
1059 1017 1228 1088 Nessum
1245 1017 1359 1086 animi

364 1120 505 1193 dubius.
570 1117 712 1188 Peritus
738 1119 833 1188 belli.
901 1116 1023 1216 [Virg.
1047 1119 1138 1189 Aen.
1161 1121 1206 1204 X,
1229 1117 1356 1217 ⁸434:

951 637 1074 712 PHlb.
1101 638 1215 711 Mun.
1241 638 1446 711 SCRIPTA
1470 630 1808 707 PHlLObOGlCA.

2329 627 2408 714 562

1413 833 1465 879 ra.
1534 804 1810 878 Fessus‘cursu.
1838 788 1842 797 ⁸
1873 802 2006 875 Laetus
2036 802 2196 892 honore,
2238 808 2408 899 imperio,

1409 911 1508 1004 apud
1531 908 1735 1002 Virgilium.
1805 905 2004 979 Contentus
2032 911 2166 1001 paucis.
2227 909 2409 983 Nonnun-

1411 1038 1521 1109 quam
1547 1006 1668 1106 gravis
1693 1034 1775 1081 aere
1800 1012 1950 1082 domum
1979 1007 2069 1082 mihi
2098 1015 2223 1083 dextra
2251 1017 2406 1089 redibat.

1408 1116 1545 1188 Potens
1566 1113 1739 1208 pecunia,
1765 1125 1800 1182 et
1814 1114 1949 1185 Potens
1969 1139 1990 1183 s
2011 1116 2176 1206 pecnnia.
2229 1116 2407 1212 Praeceps

361 1222 539 1311 Praesaga
567 1245 668 1290 mens
691 1221 789 1291 mali.
843 1218 949 1319 [ibid.
963 1218 1056 1303 Vlll,
1072 1217 1198 1320 580.]:
1231 1223 1357 1293 Ambi-
1409 1218 1619 1291 ambitione.
1688 1215 1813 1286 sicet
1846 1219 1954 1287 orhns
1986 1219 2206 1310 parentibus.
2281 1220 2407 1295 Livius

230 1410 234 1420 ,
362 1319 451 1418 §uus
466 1324 579 1394 futuri
588 1321 646 1420 ¹⁰).
696 1323 841 1394 Memor
858 1324 1054 1416 praeteriti.

463 1426 521 1497 Sic
538 1439 573 1496 et
593 1425 783 1518 participia
808 1427 999 1521 pleraque,
1033 1452 1114 1498 cum
1136 1430 1356 1519 degenerant

361 1533 400 1601 in
418 1529 587 1610 nomina,
615 1541 650 1598 et
664 1531 856 1598 verborum
873 1554 975 1601 casus
992 1532 1175 1613 amittunt,
1200 1543 1264 1600 utt'
1283 1530 1355 1601 Fu-

362 1635 478 1726 gitans
501 1632 631 1701 litium.
701 1631 856 1722 Cupiens
882 1633 1066 1724 pecuniae.
1132 1634 1277 1704 Patiens
1299 1634 1354 1702 in-

362 1737 474 1807 ediae.
525 1734 715 1803 Pertaesus
737 1738 861 1802 taedae
884 1747 920 1803 et
942 1731 1104 1805 thalami.
1156 1736 1249 1806 Nam
1273 1760 1353 1827 per-

361 1854 479 1913 taesus
510 1831 730 1917 thalamum,
771 1838 913 1926 patiens
944 1838 1121 1921 inediam,
1162 1838 1352 1930 participia

363 1953 465 2025 sunt,
491 1962 558 2008 nec
574 1938 774 2029 significant
792 1936 879 2022 ἕξιν.

1377 1621 1382 1823 i
1405 1624 1582 1701 Immunis
1598 1655 1617 1701 a
1634 1631 1742 1702 bello.
1793 1629 1942 1699 Alienus
1963 1654 1982 1696 a
2008 1655 2079 1700 me.
2133 1631 2300 1726 Etapud
2314 1634 2408 1715 Cor÷

1378 1316 1384 1417 l
1406 1318 1538 1421 [mh
1558 1316 1633 1419 2.]:
1679 1316 1836 1388 Annibal
1865 1342 1971 1412 aeger
1998 1322 2110 1392 oculis
2135 1347 2178 1391 ex
2210 1348 2323 1401 verna
2352 1327 2407 1396 in.

1409 1425 1598 1519 temperie.
1651 1423 1795 1495 Cicero:
1827 1420 1943 1514 Aeger
1953 1420 2000 1516 19)
2017 1424 2180 1516 pedibus.

1511 1524 1698 1612 immunis,
1725 1526 1863 1597 alienus
1878 1528 2018 1596 addunt
2033 1530 2330 1620 praepositiones,
2349 1546 2406 1603 ut:

1404 1731 1542 1803 nelium
1571 1728 1706 1831 [Tacit.
1723 1731 1814 1821 Hist.
1833 1729 1862 1816 l,
1879 1725 1978 1828 86.]:
2021 1731 2164 1805 Vacuus
2193 1760 2214 1813 a
2244 1737 2408 1829 periculo

1377 1834 1381 1922 )
1406 1835 1548 1907 animus
1569 1837 1649 1908 fuit.
1684 1834 1827 1907 Vacuus
1848 1838 1893 1907 ab
1911 1836 2016 1918 odio,
2043 1849 2080 1905 et
2095 1862 2229 1910 vacuus
2244 1840 2311 1912 ira.
2346 1841 2407 1923 Ci-

1376 1955 1380 2023 1
1406 1961 1507 2007 cero:
1549 1936 1640 2008 Cum
1663 1963 1787 2010 sumus
1808 1939 2016 2011 necessariis
2039 1941 2213 2030 negotiis,
2237 1944 2406 2040 curisque

464 2040 561 2112 Heus
578 2041 775 2132 genitivum
793 2042 975 2125 adsciscit,
1001 2055 1057 2112 ut:
1086 2043 1183 2115 Reus
1194 2043 1294 2115 furti.
1376 2028 1380 2147 1
1404 2041 1521 2110 vacui.
1577 2042 1751 2113 Salustius
1774 2038 1955 2141 [Iugurth.
1973 2067 2003 2114 c.
2020 2038 2118 2142 95.]:
2145 2043 2242 2137 Ager
2259 2048 2404 2140 frugum

463 2144 532 2213 Sed
554 2142 631 2227 his,
658 2167 751 2237 quae
775 2147 916 2248 copiam
938 2146 1158 2237 significdnt,
1193 2145 1353 2216 invenies

363 2247 470 2325 etiam
499 2249 676 2331 ablativos
698 2247 824 2332 adiici,
860 2261 901 2319 ut
915 2248 1060 2319 Cicero:
1096 2250 1217 2342 Copiis
1242 2251 1354 2319 abun-

363 2352 464 2421 dans.
510 2349 682 2442 Virgilius
699 2346 924 2448 [Georg.lV,
943 2348 1067 2450 181.]:
1096 2352 1210 2423 Crura
1228 2349 1354 2445 tbymo

362 2455 481 2546 plena.

675 2620 846 2692 Octava
874 2623 1044 2714 regula.

374 2810 378 2821 .
464 2758 616 2828 Dativos
634 2759 846 2844 adsciscunt,
872 2784 964 2854 quae
979 2759 1264 2845 similitudinem,
1287 2762 1357 2831 uti-

364 2863 522 2945 litatem,
547 2861 754 2930 facilitatem
770 2861 992 2953 significant,
1018 2876 1074 2934 ut:
1102 2862 1212 2935 Fidus
1228 2864 1357 2936 amico.

364 2966 511 3037 Amicus
527 2964 683 3032 Caesari.
735 2964 808 3032 Par
824 2964 998 3036 Homero.
1049 2965 1221 3057 Virgilius
1247 2965 1356 3067 [Aen.

367 3064 427 3148 XI,
446 3062 572 3162 541.]:
599 3063 699 3135 Nulli
723 3077 883 3135 veterum
904 3070 1038 3138 virtute
1064 3072 1251 3142 secundus.
1303 3069 1358 3140 Si·

369 3168 561 3241 millimum
577 3165 656 3236 Deo
674 3167 806 3241 iudico.

470 3272 541 3341 Sed
560 3268 689 3340 similis
712 3270 821 3340 etiam
838 3272 1014 3364 genitivos
1033 3273 1273 3372 adsciscit¹⁷),
1298 3287 1359 3347 ut:

368 3373 457 3449 Eius
472 3374 616 3445 virtutis
631 3398 762 3445 munus
776 3371 845 3448 hoc
862 3390 914 3447 est
929 3377 1117 3468 proprium
1130 3378 1189 3471 ¹⁸).

696 3544 823 3615 Nona
850 3548 1028 3639 regula.

467 3680 668 3781 Adiectiva,
687 3682 825 3753 Graeca
843 3684 1114 3768 consuetudine,
1139 3686 1358 3757 accusativos

364 3784 670 3854 substantivorum
686 3788 905 3871 adsciscunt,
938 3801 996 3859 ut:
1030 3788 1136 3860 Nuda
1156 3814 1261 3882 genu.
1312 3789 1360 3860 Et
1436 3835 1440 3846 ι

369 3886 526 3978 glacialis
554 3882 679 3979 hyems
708 3914 816 3961 canos
846 3886 984 3962 hirsuta
1015 3892 1174 3984 capillos.
1238 3890 1359 3990 [Virg.

366 3989 458 4070 Aen.
473 3986 534 4072 lV,
550 3983 676 4088 558.]:
712 3991 845 4062 Omnia
865 3993 1046 4066 Mercurio
1069 3995 1195 4066 similis
1217 4020 1359 4092 vocem-

365 4117 436 4187 que
452 4092 695 4188 coloremque.

467 4195 704 4267 Grammatici
733 4194 965 4294 συνεκδοχὴν
993 4211 1190 4282 vocarunt,
1230 4199 1267 4269 id
1295 4214 1359 4286 est,

294 4341 302 4350 ·
366 4294 737 4389 comprehensionem.
790 4296 1084 4393 Significatenim
1099 4304 1360 4375 nomentotius

366 4403 413 4471 ad
429 4414 570 4493 partem
586 4414 727 4472 tantum
745 4406 883 4475 referri.
935 4404 1027 4474 Cum
1050 4406 1148 4474 dico:
1183 4401 1360 4498 Aethiops

366 4504 468 4575 albus
504 4507 647 4586 dentes,
690 4528 824 4573 nomen
858 4507 958 4575 albus
992 4520 1108 4576 totum
1142 4505 1358 4603 Aethiopem

364 4608 560 4699 significat,
602 4630 727 4675 verum
759 4606 843 4699 quia
875 4609 1097 4679 accusativus
1125 4611 1248 4683 dentes
1278 4614 1359 4684 sub-

365 4711 504 4795 iicitur,
540 4712 776 4803 detorquetur
807 4722 842 4779 et
871 4712 1117 4784 nominativus
1146 4726 1285 4786 tantum
1313 4718 1360 4786 ad

364 4828 517 4906 partem.

670 4981 855 5053 Decima
882 4985 1054 5077 regula.

396 5195 399 5203 ,
468 5114 656 5190 Ablativus
687 5118 916 5190 instrumenti
942 5122 1129 5193 subiicitur
1163 5124 1267 5196 certis
1293 5129 1359 5195 ad-

369 5219 524 5305 iectivis,
551 5235 607 5291 ut:
641 5220 768 5293 Clarus
784 5224 951 5316 ingenio,
978 5226 1100 5297 armis.
1152 5224 1283 5300 Lassus
1299 5255 1359 5300 cu-

367 5383 574 5396 ,ᾖ

270 5491 272 5498 ·
404 5476 450 5541 ss)
470 5474 579 5543 future]
598 5478 648 5529 no.
666 5476 741 5529 tuas.
759 5476 835 5531 mett.

403 5561 447 5627 17)
464 5561 623 5630 adsciscit,]
642 5564 690 5613 nt.
706 5563 780 5615 1⁶2⁹.
800 5565 888 5615 nole:
913 5566 1056 5633 stenholt,

406 5648 452 5714 te)
476 5652 522 5701 ut:
547 5651 615 5701 Etos
632 5676 668 5687 -
684 5648 846 5717 proprium]
872 5663 922 5714 pro
945 5653 987 5701 tris
1012 5656 1094 5704 tebet
1118 5654 1169 5704 lld.
1185 5654 1281 5708 tm:
1312 5656 1337 5705 U

439 5720 547 5770 Dontui
572 5719 681 5770 sinitis.
724 5722 759 5769 nt
784 5721 924 5782 proprius.
969 5721 1099 5775 Plautus:
1129 5725 1289 5773 Amatorem
1310 5724 1350 5773 tu

434 5790 590 5920 prrffitum.
633 5791 669 5840 Et
687 5788 800 5841 Ciceros
825 5790 892 5839 ttius
912 5790 1026 5842 virtutis
1045 5804 1144 5842 nunus
1160 5793 1212 5845 troo
1230 5795 1275 5842 est
1292 5803 1360 5860 pro·

1376 2152 1379 2169 ι

1404 2166 1673 2339 vacuuIslignus,
1700 2247 1889 2338 indignus,
1922 2250 2131 2340 simpliciter
2149 2251 2321 2323 ablativos
2337 2256 2403 2323 ad·

1407 2349 1561 2421 sciscunt
1577 2347 1724 2448 [Horat.
1735 2350 1855 2420 Carm.
1865 2347 1925 2434 lV,
1939 2354 1974 2435 8,
1989 2351 2092 2452 28.]:
2120 2353 2279 2448 Dignum
2294 2359 2404 2427 laude

1408 2452 1526 2522 virum
1546 2453 1648 2524 Musa
1666 2465 1765 2523 vetat
1780 2457 1886 2524 mori.
2007 2482 2017 2495 ·

1670 2637 1930 2735 'Undecima
1958 2643 2127 2735 regula.

1511 2773 1645 2847 Variae
1677 2776 1812 2866 figurae
1841 2790 1925 2847 sunt
1946 2777 2193 2870 descriptionis
2215 2779 2407 2864 laudandi,

1409 2891 1473 2948 aut
1493 2878 1735 2970 vituperandi.
1800 2879 1869 2950 Sed
1899 2881 2063 2962 ablativis
2085 2880 2207 2952 Latini
2234 2884 2427 2955 libentius

1380 2980 1582 3063 {usisunt,
1609 2994 1665 3052 ut:
1696 2981 1822 3051 Puella
1848 2985 1950 3054 vultu
1973 2987 2148 3057 modesto.
2198 2983 2282 3058 Dici
2306 2987 2405 3059 enim

1409 3080 1624 3176 poterat”):
1651 3082 1775 3155 Puella
1791 3087 1911 3158 vultus
1925 3090 2099 3172 modesti,
2126 3103 2162 3159 et
2175 3088 2301 3161 Puella
2325 3114 2406 3187 mo-

1410 3189 1509 3258 desta
1535 3187 1657 3271 vultu,
1688 3200 1725 3258 et
1746 3191 1909 3261 modesta
1935 3193 2093 3275 vultum,
2120 3191 2405 3290 συνεκδοχικῶς,

1409 3287 1468 3362 Sic
1484 3288 1682 3362 Columella
1698 3286 1781 3391 [lib.
1789 3290 1851 3377 Vl,
1869 3319 1898 3367 c.
1914 3290 2016 3393 57.]:
2042 3297 2174 3369 Asinus
2191 3298 2405 3391 amplissimi

1409 3394 1591 3485 corporis,
1621 3396 1757 3465 cervice
1782 3397 1913 3469 valida.
1972 3399 2117 3470 Cicero:
2149 3397 2238 3471 Eral
2258 3402 2405 3496 infirma

1409 3497 1614 3568 valetudine
1629 3494 1785 3571 habitus.

1666 3684 1946 3757 Duodecima
1973 3691 2143 3781 regula.

1513 3820 1625 3892 Varia
1642 3834 1694 3893 est
1710 3824 1868 3916 syntaxis
1883 3828 1981 3897 vocis
1997 3819 2098 3916 opus,
2126 3831 2188 3899 sed
2205 3831 2404 3902 ablativum

1411 3926 1552 4016 saepius
1576 3925 1758 4009 adsciscit,
1789 3939 1830 3995 ut
1852 3927 1997 3999 Cicero:
2033 3931 2135 4023 Opus
2160 3947 2212 4004 est
2233 3930 2319 4004 huic
2342 3947 2407 4005 tuo

1412 4025 1557 4101 iudicio.
1628 4028 1900 4124 Nonnunquam
1934 4036 2116 4124 praecedit
2147 4038 2408 4122 nominativus,

1410 4128 1494 4200 Dux
1511 4144 1547 4200 et
1563 4133 1785 4203 autornobis
1809 4157 1900 4225 opus
1923 4149 1986 4207 est.
2040 4138 2177 4208 Rarum
2199 4153 2271 4225 est,
2303 4140 2408 4234 Opus

1413 4245 1466 4303 est
1486 4233 1590 4303 nobis
1615 4229 1709 4304 hanc
1729 4258 1818 4307 rem.
1881 4238 1927 4308 Et
1951 4264 2033 4311 usus
2057 4247 2152 4334 apud
2173 4244 2344 4328 Plautum
2368 4246 2408 4314 in

1412 4334 1594 4407 Asinaria:
1628 4335 1766 4430 Viginti
1785 4340 1858 4409 iam
1874 4368 1958 4414 usus
1974 4356 2026 4413 est
2042 4344 2115 4415 filio
2131 4348 2271 4439 argenti
2286 4348 2407 4420 minis.

1631 4525 1818 4599 Decima
1847 4534 1985 4603 tertia
2013 4539 2184 4629 regula.

1512 4663 1682 4758 Figuram
1714 4665 1897 4766 πρόθεσιν
1911 4671 1960 4764 ²¹)
1995 4672 2181 4761 dixerunt,
2223 4702 2305 4749 curn
2331 4679 2406 4748 duo

1411 4769 1632 4839 substantiva
1648 4771 1773 4841 eodem
1790 4795 1874 4844 casu
1888 4776 2167 4867 coniunguntur,
2192 4775 2261 4851 hoc
2277 4782 2406 4852 modo:

1411 4869 1647 4942 Effodiuntur
1668 4897 1766 4967 opes,
1792 4876 2016 4947 irritamenta
2036 4883 2228 4956 malorum.
2280 4886 2409 4957 Poste-

1411 4974 1486 5045 rius
1502 4976 1762 5047 substantivum
1779 4977 1985 5051 declarandi
2002 5007 2105 5055 causa
2122 4985 2281 5072 accessit,
2307 4990 2409 5060 ideo·

1412 5103 1482 5172 que
1495 5081 1757 5170 propemodum
1775 5080 1894 5152 induit
1919 5086 2085 5160 adieetivi
2106 5103 2287 5165 naturam.
2347 5092 2407 5162 Sic

1412 5180 1584 5252 Horatius
1607 5180 1740 5283 [Epist.
1755 5181 1783 5266 l,
1802 5185 1838 5269 6,
1853 5183 1953 5286 57.]:
1987 5188 2034 5258 Ει
2055 5216 2165 5282 genus
2189 5208 2226 5263 et
2248 5195 2405 5267 formam

1411 5286 1534 5377 regina
1555 5286 1706 5379 pecunia
1726 5289 1857 5374 donat,
1884 5292 1920 5359 id
1941 5305 2013 5375 est,
2040 5319 2205 5389 regnans.

1518 5385 1628 5471 Τέλος
1646 5387 1843 5462 Nominum
1869 5393 2090 5488 Syntaxeos.

1447 5683 1493 5748 ts)
1512 5686 1620 5750 Aeger]
1639 5687 1689 5740 Ed
1705 5688 1781 5746 ¹⁶26.
1799 5693 1902 5758 Asgrts

1446 5773 1496 5833 ω)
1515 5774 1650 5837 poteram]
1669 5776 1718 5829 tto.
1735 5778 1809 5834 16³9.
1828 5784 1930 5849 potest,

1447 5858 1496 5925 tt)
1514 5855 1662 5929 πρόθεσιν]
1682 5864 1732 5917 tto
1748 5866 1823 5918 tm.
1841 5868 2042 5935 oppositione·
