5534 6700
262 613 337 691 aas
533 608 593 686 ιι
643 564 724 684 ns
737 610 1012 695 mortona
1038 610 1104 683 nr
1131 606 1485 685 cononanonn
1510 602 1690 679 canon
1713 604 1757 679 v.
1785 600 2064 679 messus·
2218 606 2294 682 aaa

364 781 442 857 Tot
455 780 566 875 igitur
580 784 750 878 exemplis
765 784 975 857 tristissimis
997 784 1146 871 moniti,
1173 806 1253 877 per-
1305 783 1437 855 tuenda
1459 779 1589 850 iudicia
1614 779 1653 857 in
1673 775 1848 870 imperio,
1881 789 1919 849 et
1938 802 2010 870 pas
2025 776 2220 847 munienda
2238 779 2295 850 sit.

260 885 479 959 tinacissime
500 887 596 957 tueri
616 888 847 957 concordiam
871 888 1061 971 debemus,
1093 910 1254 979 praeser-
1304 883 1351 957 Et
1377 895 1464 969 sunt
1495 882 1564 953 alia
1589 881 1723 965 multa,
1761 879 1963 975 dequibus
1989 879 2134 972 expedit
2152 892 2295 953 nostras

260 990 329 1061 tim
352 985 423 1060 hoc
447 1001 630 1082 tempore,
664 1015 743 1060 cum
760 990 901 1061 Tuscae
924 990 1029 1061 nobis
1043 990 1175 1061 bellum
1192 992 1253 1059 de·
1304 988 1496 1081 opiniones
1517 986 1691 1055 conferre.
1742 980 1860 1055 Locus
1881 981 2055 1074 imposuit
2070 978 2161 1053 mihi
2175 1008 2294 1055 neces-

258 1092 450 1163 nuntiant:
485 1092 753 1162 comminantur
775 1115 812 1164 se
828 1116 904 1163 non
918 1095 1030 1163 modo
1047 1092 1253 1186 imperium,
1303 1090 1445 1163 sitatem
1465 1089 1626 1173 dicendi,
1653 1100 1689 1157 et
1703 1081 1929 1157 inchoandae
1945 1080 2294 1159 buius'deliberatio·

258 1197 322 1268 sed
340 1195 541 1265 libertatem
559 1206 594 1265 et
608 1194 817 1286 religionem
834 1208 1020 1288 erepturus
1037 1220 1124 1267 esse.
1174 1192 1253 1267 Etsi
1305 1193 1371 1265 nis.
1430 1192 1619 1264 Caeterum
1654 1214 1776 1261 meum
1808 1188 1982 1261 iudicium
2012 1212 2090 1259 non
2121 1190 2296 1271 antefero,

259 1309 381 1369 autem
400 1296 634 1368 iureiurando
650 1308 768 1369 vestro
783 1310 1010 1391 prospectum
1027 1312 1092 1381 cst,
1117 1322 1163 1367 ne
1180 1322 1251 1393 qua
1304 1320 1440 1391 vosque
1462 1318 1530 1387 pro
1546 1292 1731 1365 excellenti
1745 1292 1922 1385 sapientia
1937 1304 1972 1363 et
1987 1292 2163 1385 gravitate
2177 1304 2295 1363 vestra

258 1400 388 1472 seditio
418 1398 578 1484 oriatur,
611 1399 751 1471 etiamsi
783 1402 951 1492 suffragia
973 1426 1050 1471 non
1076 1399 1253 1471 consenti·
1303 1399 1377 1471 scio
1394 1398 1517 1470 venire
1527 1393 1602 1469 'buc
1617 1408 1764 1490 paratos
1776 1407 1814 1467 et
1827 1394 2031 1469 meditatos.
2076 1395 2200 1490 Quare
2216 1418 2296 1466 sen-

258 1514 358 1573 tent:
398 1512 521 1572 tamen
550 1500 705 1595 vosipsi
728 1502 942 1596 intelligitis,
975 1502 1171 1596 plurimum
1197 1526 1252 1575 re·
1304 1500 1435 1573 tentiae
1466 1514 1606 1573 vestras
1636 1498 1763 1569 audire
1795 1499 1951 1569 maxime
1987 1496 2118 1592 cupio,
2159 1522 2296 1592 vosque

258 1606 375 1689 lerre,
418 1617 460 1674 ut
487 1628 636 1696 prorsus
664 1606 890 1677 consentiant
911 1606 1093 1700 suffragia.
1158 1605 1251 1679 Nam
1303 1628 1415 1696 rogo,
1447 1615 1490 1675 ut
1514 1604 1717 1674 orationem
1739 1624 1857 1671 meam
1877 1601 2077 1695 prolectam
2100 1602 2148 1673 ab
2171 1601 2294 1671 animo

260 1705 460 1803 quamlibet
488 1706 576 1779 levis
605 1706 798 1794 dissensio,
831 1723 953 1780 tamen
984 1710 1115 1781 multas
1136 1708 1174 1778 in
1197 1732 1253 1779 re-
1304 1720 1340 1777 et
1367 1719 1513 1777 amante
1542 1706 1782 1799 reipublicae,
1819 1716 1857 1775 et
1882 1706 1928 1775 de
1949 1704 2053 1777 vobis
2074 1716 2238 1775 amanter
2260 1717 2296 1775 et

258 1808 479 1903 buspublicis
500 1810 776 1882 deliberationes
794 1812 966 1905 impedit,
996 1824 1031 1882 et
1047 1836 1153 1905 saepe
1168 1806 1253 1881 hor·
1303 1806 1502 1880 honorilice
1521 1810 1715 1895 sentiente,
1738 1806 1827 1879 boni
1840 1806 2045 1881 consulatis.
2083 1805 2162 1879 Etsi
2174 1819 2296 1877 autem

258 1912 383 1985 ribiles
411 1924 531 1984 motus
558 1914 668 2004 parit.
726 1912 801 1987 Nec
833 1918 981 1998 desunt,
1015 1914 1078 2011 qui
1108 1926 1254 2007 captant
1303 1912 1454 1985 fortasse
1469 1937 1544 1983 non
1557 1911 1755 1985 necessaria
1770 1906 1943 1983 luithaec
1960 1906 2183 1990 cohortatio;
2208 1910 2296 1979 novi

260 2038 388 2087 omnes
412 2015 615 2087 occasiones
636 2014 890 2089 distrahendas
907 2017 1125 2089 Germaniae
1142 2020 1181 2087 in
1200 2016 1253 2087 di·
1305 2015 1402 2085 enim
1435 2016 1638 2087 voluntates
1665 2026 1819 2097 vestras,
1853 2038 1896 2083 ac
1920 2037 2026 2105 saepe
2048 2012 2211 2105 comperi
2230 2034 2296 2083 vos

259 2140 382 2189 versas
407 2130 539 2209 partes.
589 2118 745 2190 Multum
771 2132 892 2191 autem
914 2124 959 2191 ad
977 2120 1058 2193 illos
1071 2122 1254 2193 deterren-
1305 2118 1518 2189 concordiae
1543 2118 1707 2211 publicae
1726 2117 1977 2210 cupidissimos
1997 2140 2091 2200 esse,
2123 2129 2159 2187 et
2180 2114 2294 2185 multa
2323 2114 2327 2125 '

260 2221 326 2291 dos
346 2221 555 2314 profuturus
579 2234 632 2291 est
660 2246 853 2295 consensus
881 2236 1022 2304 noster;
1055 2222 1254 2315 plurimum
1305 2246 1372 2293 nos
1394 2222 1540 2292 foedera
1564 2224 1809 2317 coniungunt,
1833 2220 2023 2312 cognatio,
2048 2217 2200 2291 societas
2212 2217 2295 2289 reli·
2419 2306 2426 2327 ⁴

261 2322 372 2392 etiam
398 2322 524 2392 alleret
545 2326 720 2393 momenti
747 2328 792 2393 ad
816 2326 1019 2397 voluntates
1048 2326 1252 2419 principum
1304 2324 1444 2415 gionis,
1476 2337 1513 2393 et
1534 2319 1641 2397 buius
1662 2323 1780 2397 nostri
1799 2322 2013 2415 amplissimi
2033 2320 2200 2414 Collegii:
2242 2335 2296 2391 ta·

259 2448 304 2494 ac
325 2424 451 2517 populi
467 2425 685 2495 Germaniae
712 2428 758 2495 ad
782 2440 943 2497 nostram
962 2428 1176 2499 sententiam
1192 2429 1255 2496 ad·
1306 2450 1389 2496 men
1420 2422 1505 2496 huic
1536 2427 1692 2518 tempori
1724 2426 1915 2497 videbatur
1939 2438 2025 2519 apta
2049 2420 2140 2495 baec
2165 2423 2294 2495 oratio.

259 2528 474 2618 iungendos.
685 2570 689 2577 ·
1305 2525 1411 2599 Nunc
1438 2527 1535 2599 enim
1560 2528 1629 2597 toti
1650 2527 1732 2599 orbi
1752 2540 1933 2599 terrarum
1953 2528 2109 2599 maxime
2131 2552 2223 2623 opus
2243 2538 2296 2597 est

319 2636 324 2647 '
365 2628 530 2720 Cogitate
545 2628 709 2700 omnium
724 2628 866 2723 Regum
884 2654 926 2702 ac
940 2630 1151 2725 Principum
1171 2654 1255 2703 ocu·
1305 2642 1432 2703 nostro
1452 2652 1639 2701 consensu.

259 2731 316 2801 los
338 2728 377 2800 in
399 2755 466 2801 nos
491 2753 566 2802 esse
591 2732 791 2818 coniectos,
816 2732 977 2829 quinon
1000 2737 1110 2805 modo
1136 2736 1182 2805 de
1199 2756 1255 2819 eo,
1409 2732 1507 2803 Haec
1538 2756 1620 2803 cum
1654 2731 1800 2803 dixisset
1824 2731 2079 2823 Mogontinus,
2116 2732 2295 2824 congressi

260 2832 424 2931 quisquis
447 2831 579 2904 electus
598 2834 727 2919 luerit,
760 2836 822 2907 sed
843 2838 887 2907 de
908 2836 1014 2909 nobis
1032 2838 1141 2908 etiam
1163 2834 1255 2909 iudi·
1306 2834 1437 2930 reliqui
1452 2836 1654 2920 lilectores‚
1677 2835 1836 2905 breviter
1853 2835 2127 2930 colloquuntur;
2155 2846 2192 2905 et
2213 2858 2295 2904 cum

260 2936 357 3007 dnm
378 2935 528 3006 facient:
564 2959 613 3005 an
635 2936 849 3029 gravitatem
873 2950 1011 3009 tantam
1035 2938 1256 3032 praestiteri-
1306 2934 1599 3009 adhortationem
1624 2940 1669 3009 de
1694 2939 1882 3009 retinenda
1906 2937 2102 3009 eoncordia
2128 2937 2168 3007 in
2193 2949 2295 3007 tanto

260 3062 364 3125 mus,
391 3050 526 3134 quanta
547 3038 586 3107 in
606 3033 837 3121 hoc-summo
860 3040 1011 3114 consilio
1029 3044 1127 3115 orbis
1142 3054 1256 3113 terra-
1307 3040 1453 3133 publico
1485 3041 1646 3134 periculo
1684 3040 1924 3131 gratissimam
1949 3040 2019 3113 sibi
2041 3040 2151 3113 luisse
2177 3051 2297 3111 osteu-

261 3166 344 3212 rum
367 3140 584 3237 requisitum
614 3164 661 3211 an
682 3141 790 3213 saluti
811 3144 908 3214 orbis
933 3158 1110 3217 terrarum
1129 3170 1256 3217 consu·
1302 3147 1419 3223 -dunt;
1460 3156 1537 3215 tum
1561 3168 1649 3214 vero
1669 3142 1883 3236 sapientiam
1907 3140 2120 3235 Mogontini-
2135 3143 2298 3223 laudant,

261 3246 336 3315 lere
349 3242 583 3328 voluerimus,
607 3256 670 3314 aut
683 3244 835 3337 privatis
848 3246 1102 3339 cupiditatibus
1116 3272 1255 3321 morem
1308 3249 1407 3341 quod
1424 3248 1547 3319 et-dns
1559 3245 1694 3340 publici
1709 3270 1903 3319 consensus
1922 3258 2035 3330 esset,
2061 3259 2100 3317 et
2120 3258 2298 3317 monstra·

261 3345 488 3440 gesserimus.
538 3344 586 3416 Et
601 3369 668 3418 nos
686 3346 832 3444 quidem
846 3351 1048 3420 non'modo
1065 3344 1255 3423 bominum
1307 3363 1364 3422 ret
1376 3350 1494 3435 viam,
1516 3377 1587 3447 qua
1604 3350 1778 3424 dissensio
1800 3363 2009 3434 caveretur,
2039 3373 2149 3444 seque
2171 3341 2297 3420 omnei

260 3449 417 3535 iudicia,
450 3449 513 3521 sed
546 3449 661 3520 multo
694 3451 808 3544 magis
837 3451 955 3524 Deum
988 3465 1114 3525 testem
1149 3467 1256 3552 atque
1307 3455 1522 3547 profitentur
1549 3452 1713 3526 assentiri
1736 3453 1853 3524 dictae
1877 3477 1898 3522 a
1920 3451 2136 3543 Mogontino
2156 3465 2297 3522 senten-

261 3551 440 3624 arbitrum
468 3547 598 3622 barum
624 3563 832 3625 nostrarum
859 3555 1117 3648 cogitationum
1140 3559 1257 3630 vereri
1308 3559 1401 3640 tiae,
1433 3567 1469 3632 et
1489 3581 1632 3628 summo
1653 3555 1772 3628 studio
1796 3557 1946 3627 daturos
1966 3577 2136 3647 operam,
2159 3577 2207 3626 ne
2226 3555 2298 3626 sul-

261 3657 383 3740 decet,
421 3653 485 3751 qui
514 3677 595 3725 cum
625 3655 782 3748 imperia
809 3657 1035 3732 constituerit
1060 3662 1106 3730 ad
1138 3661 1258 3732 delen·
1308 3659 1422 3751 lragia
1437 3659 1650 3752 discrepent.
1689 3655 1787 3726 flacc
1808 3658 1934 3728 iubent
1949 3659 2134 3728 communi
2149 3657 2297 3726 nomine

261 3758 403 3832 sionem
421 3757 541 3851 pacis,
566 3758 675 3842 iuris,
701 3771 737 3829 et
756 3759 993 3853 religionum,
1025 3783 1256 3858 nequaquam
1302 3761 1472 3832 omnium
1496 3763 1568 3832 dici
1592 3785 1613 3830 a
1634 3754 1868 3834 loacbimol.
1899 3754 2131 3844 Marcbione,
2170 3761 2230 3830 cui
2255 3760 2297 3828 li·

260 3861 343 3932 vnlt
368 3883 410 3931 ea
432 3859 621 3932 discordiis
644 3884 719 3931 non
743 3863 950 3938 necessariis
970 3863 1177 3936 labefactari
1195 3879 1259 3938 aut
1308 3865 1436 3934 benter
1457 3859 1523 3936 has
1538 3863 1681 3934 dicendi
1695 3875 1814 3955 partes
1830 3862 2037 3934 tribuebant
2053 3862 2184 3936 caeteri
2199 3862 2299 3955 prin·

262 3961 443 4056 dissipari.
487 3987 495 4010 ·
1289 3967 1405 4062 cipes
1437 3978 1586 4060 propter
1620 3967 1851 4038 excellentem
1888 3965 2146 4062 eloquentiam.
2209 3965 2297 4036 Erat

367 4063 443 4138 Nec
475 4065 625 4136 dubium
660 4080 713 4138 est
747 4067 881 4140 cultum
907 4067 988 4141 Deo
1014 4070 1256 4162 gratissimum
1291 4065 1405 4141 ¹enim
1423 4082 1501 4140 tum
1517 4069 1663 4164 quidem
1678 4093 1719 4140 ea
1734 4071 1849 4140 virtus
1862 4080 1899 4140 et
1912 4067 2069 4160 gravitas
2081 4067 2299 4162 principum,

264 4191 360 4251 esse,
391 4167 550 4240 studium
578 4169 793 4239 concordiae
819 4173 1006 4264 publicae,
1046 4173 1256 4266 praesertim
1309 4185 1350 4244 ut
1376 4173 1454 4244 sine
1478 4172 1616 4242 invidia
1641 4171 1791 4264 singulis
1812 4173 2095 4244 concederentur
2115 4193 2201 4242 suae
2221 4170 2298 4242 lau·

265 4291 360 4366 qnae
396 4271 443 4340 ad
478 4271 716 4364 imperiorum
750 4277 1059 4348 conservationem
1091 4276 1258 4372 pertinet.
1309 4278 1390 4356 dcs;
1421 4301 1488 4347 nec
1509 4301 1637 4368 parum
1652 4277 1700 4344 ad
1715 4297 1943 4346 communem
1960 4274 2112 4348 salntem
2126 4285 2204 4344 tum
2219 4275 2298 4368 qui-

263 4373 387 4467 Quam
406 4372 634 4464 opinionem,
660 4375 726 4446 etsi
744 4377 912 4450 omnibus
927 4373 1135 4452 bominibus
1152 4403 1259 4474 opor·
1310 4381 1391 4450 dem
1414 4378 1571 4471 proluit,
1601 4379 1700 4472 quod
1722 4373 1840 4448 adhuc
1858 4376 2029 4470 privatim
2049 4399 2179 4469 magna
2204 4375 2298 4446 inter

262 4475 338 4548 tuit
362 4473 507 4546 infixam
529 4501 620 4548 esse:
656 4490 778 4550 tamen
802 4479 900 4552 viros
916 4481 1097 4576 principes
1115 4482 1164 4554 ita
1183 4507 1258 4552 am·
1309 4507 1346 4554 se
1361 4479 1610 4552 benevolentia
1629 4479 1787 4552 devincti
1802 4493 1927 4565 erant,
1953 4505 2063 4576 quam
2078 4479 2299 4572 etreipubli-

262 4575 374 4672 plecti
403 4577 521 4664 decet,
561 4579 670 4650 utin
704 4581 855 4675 publicis
885 4582 1042 4657 consiliis
1070 4610 1256 4682 nunquam
1310 4607 1372 4654 cae
1400 4608 1505 4656 causa
1531 4584 1721 4676 diligenter
1745 4583 1951 4655 tuebantur.
2008 4581 2057 4654 Et
2078 4581 2163 4679 quia
2186 4583 2297 4653 veteri
2409 4612 2413 4622 ·

264 4681 313 4751 ab
335 4703 375 4749 ea
399 4679 605 4770 deflectant,
644 4696 685 4754 ut
708 4709 833 4757 omnes
854 4685 1129 4760 deliberationes
1152 4701 1259 4783 atque
1310 4687 1576 4760 Germanorum
1594 4703 1694 4756 more
1710 4686 1912 4758 sentiebant
1923 4687 2021 4757 bons
2036 4686 2107 4756 fide
2123 4684 2298 4758 amicitias

264 4783 427 4854 actiones
449 4785 607 4855 referant
627 4788 674 4856 ad
695 4811 924 4860 communem
949 4792 1180 4862 concordiam
1202 4816 1259 4861 re·
1311 4791 1480 4863 colendas
1502 4795 1596 4868 e'sse;
1629 4802 1666 4858 et
1686 4801 1764 4859 crat
1785 4809 1827 4860 ea
1848 4789 2061 4880 magnitudo
2084 4787 2197 4858 animi
2223 4811 2298 4858 non

263 4885 465 4960 tinendam.
498 4885 576 4979 Ego
591 4889 738 4982 quidem
753 4891 848 4962 mori
865 4893 1003 4978 malim,
1028 4917 1137 4989 quam
1153 4907 1260 4966 autor
1309 4894 1448 4976 solum,
1486 4905 1528 4964 ut
1555 4891 1715 4984 privatas
1738 4891 1938 4963 simultates
1960 4889 2078 4962 nullas
2098 4889 2299 4963 afferendas

263 5013 342 5062 esse
362 4988 527 5081 publicae
551 4991 646 5060 inter
667 4991 850 5066 Electores
871 4997 1084 5068 discordiae.
1136 4996 1259 5090 Quare
1311 4993 2006 5088 esaeadpublicaconsiliaducerent;
2038 4993 2236 5065 sedetiam
2258 5006 2301 5065 ut

262 5090 480 5166 senteutiam
508 5117 625 5163 meam
652 5117 693 5164 re
714 5095 895 5192 disputata
919 5099 1072 5170 libenter
1095 5125 1176 5172 cum
1199 5125 1261 5170 ve-
1310 5099 1429 5170 nullas
1450 5099 1682 5172 admitterent
1704 5097 1745 5168 in
1765 5096 1906 5170 animos
1928 5098 2100 5168 adversus
2115 5108 2299 5188 cognatos,

262 5207 341 5268 stra
357 5193 596 5287 coniungam,
622 5209 663 5267 nt
677 5199 981 5274 consentientibus
998 5202 1197 5295 suffragiis,
1221 5203 1260 5274 id
1310 5201 1522 5295 praesertim
1544 5201 1583 5270 in
1605 5201 1788 5293 republica
1809 5200 2030 5272 coniunctos.
2079 5199 2151 5270 Sed
2170 5199 2218 5270 ab
2230 5193 2299 5270 bac

265 5298 366 5394 quod
380 5297 558 5390 optimum
577 5298 666 5386 erit,
689 5299 768 5372 Deo
785 5301 999 5391 adiuvante,
1022 5318 1235 5379 statuamus.
1310 5305 1443 5375 virtute
1480 5316 1656 5398 quantum
1694 5303 1967 5396 degeneraverit
1999 5325 2152 5397 sequens
2189 5314 2299 5385 aetas,

369 5397 488 5470 Velim
508 5401 619 5493 igitur
633 5403 734 5495 prius
749 5429 816 5478 uos
830 5407 875 5477 dc
894 5407 1061 5484 universa
1077 5409 1258 5502 republica
1309 5431 1386 5478 non
1401 5408 1490 5476 libet
1503 5402 1572 5477 hoc
1585 5407 1666 5477 loco
1683 5428 1981 5480 commemorare.
2011 5405 2186 5478 Videmus
2200 5405 2298 5476 euim

266 5501 445 5599 colloqui,
484 5528 596 5600 quam
631 5499 670 5575 in
698 5507 867 5599 suffragia
895 5523 1009 5586 eatur.
1073 5510 1138 5584 Est
1163 5511 1259 5583 enim
1310 5511 1349 5580 in
1379 5509 1502 5582 multis
1532 5511 1672 5603 magnis
1700 5508 1958 5602 rebuspublicis
1979 5507 2129 5580 consilia
2149 5509 2299 5604 privatis

266 5603 526 5698 disputandum
543 5607 672 5692 etiam,
693 5633 846 5704 quarum
865 5637 986 5684 rernm
1002 5637 1125 5686 uuam
1144 5611 1261 5709 lmpe·
1310 5614 1404 5686 odiis
1418 5613 1599 5706 impediri.
1650 5612 1720 5683 Sed
1734 5614 1844 5684 redeo
1861 5614 1909 5683 ad
1922 5608 2124 5684 historiam.

262 5719 428 5780 satorem
443 5711 599 5782 maxime
617 5711 795 5806 suscipere
809 5713 981 5798 velimuss
1011 5742 1101 5814 quas
1117 5718 1262 5812 imperii
1413 5715 1505 5790 Cum
1519 5711 1722 5790 Inachimus
1738 5711 1925 5800 Marcbio,
1949 5711 2157 5808 Mogontini
2175 5714 2299 5794 trater,

260 5821 389 5906 partes
411 5815 535 5886 sanari
554 5815 659 5886 initio
676 5839 817 5889 necesse
831 5817 896 5900 sit;
927 5821 1113 5914 quomodo
1128 5821 1263 5896 consti-
1309 5819 1455 5894 dixisset
1495 5820 1680 5891 communi
1720 5820 1885 5891 ornnium
1924 5818 2091 5903 nomine,
2133 5814 2297 5928 asseptiri

322 5927 507 5998 limare.
529 5931 637 5999 Orsa.
669 5933 755 5998 Vos.
776 5933 849 5998 xx
1836 5922 1883 5993 51
