5534 6700
381 828 534 914 Civitas,
570 826 775 908 civitatum,
801 823 976 908 militum,
1003 826 1145 907 furum,
1170 847 1274 917 agge-

277 955 359 1002 rum
378 945 444 1001 etc.

380 1034 499 1103 Boum
524 1029 726 1122 ἀνώμαλον
749 1041 812 1100 est.
862 1028 1025 1101 Alituum
1048 1051 1117 1120 pro
1135 1029 1277 1114 alitum,

279 1131 464 1228 epenthesi
487 1135 570 1204 fecit
588 1133 713 1202 Poeta.
850 1199 852 1204 .

507 1298 704 1369 Dativus
733 1309 776 1366 et
801 1256 1046 1387 ¹Ablativlrs

382 1415 423 1486 Iu
437 1417 504 1488 bus
522 1416 710 1501 desinunt,
736 1427 778 1485 ut

486 1535 633 1605 Civibus
781 1531 966 1603 militibus.

483 1639 608 1708 Bobus
623 1625 827 1729 ἀνώμαλον
842 1647 904 1706 est.

535 1810 711 1905 Quarta
738 1806 1019 1881 Declinatio.
1099 1808 1101 1812 ’

344 2006 346 2011 ,
382 1928 553 2000 Continet
570 1930 660 1999 duas
671 1923 970 2013 terminationes,
997 1954 1039 2001 us
1058 1941 1093 1999 et
1110 1955 1155 2015 u,
1183 1953 1275 2025 quae
1359 2014 1361 2019 Ι

277 2044 490 2107 neutrorum
512 2043 652 2101 tantum
661 2028 708 2120 ⁸³)
730 2042 793 2102 est.
838 2028 1009 2101 Formam
1026 2030 1276 2127 declinatiquis

278 2158 323 2206 ex
336 2132 588 2233 Paradigmate
608 2156 810 2226 cognosces.

653 2300 902 2392 singulariter.

329 2402 400 2471 llic
415 2404 552 2472 fructus

330 2501 438 2573 huius
451 2503 601 2586 fructus,
647 2500 799 2573 'Veteres
813 2502 921 2571 etiam
934 2505 1086 2575 fructuis
1098 2505 1275 2591 dixerunt.

331 2601 416 2675 huie
430 2606 563 2674 fructui
703 2605 910 2675 Terentius:
937 2604 1025 2677 Eius
1041 2608 1144 2678 anuis
1158 2630 1276 2681 causa.

321 2703 429 2781 ,huuc
442 2707 599 2776 fructum
702 2703 813 2790 ltem,
854 2703 965 2778 Nihil·
988 2709 1154 2794 tumulti,
1185 2707 1278 2780 nihil

705 2808 845 2889 ornati,
869 2809 1016 2904 antique
1032 2813 1248 2885 dictumest.

333 2834 356 2878 o
369 2806 507 2878 fructus

317 2916 319 2921 ’
333 2935 354 2979 a
369 2911 488 2981 sruotu

356 3131 365 3147 ·
385 3026 493 3120 Apud
513 3039 640 3120 poetas
660 3021 745 3097 huie
760 3029 880 3098 fructu
896 3025 1206 3129 κατᾶρποκοπῆν
1223 3035 1278 3105 in·

279 3155 416 3205 venies.

679 3248 883 3320 Pluraliter.
994 3322 997 3329 ,

335 3350 375 3423 hi
392 3353 533 3441 fructus·
707 3429 710 3434 ,
750 3435 756 3446 ,
822 3435 824 3440 ,

299 3535 301 3540 ,
333 3451 466 3528 horum
481 3454 662 3540 fructuum
734 3451 841 3547 Apud
874 3467 999 3547 poetas
1023 3456 1184 3549 invenies
1210 3484 1277 3552 pro

334 3554 391 3628 his
406 3556 580 3628 fructibus
735 3581 926 3642 curruum,
970 3551 1137 3652 curnim,
1181 3560 1279 3644 md

333 3656 401 3730 hos
416 3662 552 3731 fructus
736 3656 963 3758 ovroet'paotr.
1067 3737 1071 3744 ,
1188 3669 1190 3673 ’

336 3763 510 3860 olructus
959 3763 962 3770 '

336 3862 555 3935 alructibus.

388 3978 429 4050 In
451 3982 544 4051 obus
570 3979 738 4052 desinunt
761 3978 866 4052 haec:
906 3986 1075 4069 artubus,
1115 3973 1280 4071 arcubus,

282 4085 479 4177 portubus,
514 4083 668 4167 acubus,
700 4085 868 4171 lacubus,
900 4085 1084 4172 tribubus,
1113 4091 1280 4175 verubus,

283 4188 482 4278 specubus,
509 4187 731 4280 quercubus,
757 4187 969 4287 lieubus⁸);
1002 4193 1064 4262 sed
1087 4189 1126 4259 in
1150 4192 1281 4264 talibus

282 4290 475 4361 doctorum
493 4292 713 4360 consuetudo
731 4294 956 4362 observanda
970 4305 1035 4365 est.

660 4441 910 4533 singulariter.

311 4567 318 4576 '
392 4559 469 4631 lloc
485 4586 619 4648 cornu,
644 4560 820 4640 ἄπτωτον
837 4565 942 4637 estin
958 4565 1144 4660 singulari.

593 4677 702 4755 huius
728 4706 843 4756 cornu

596 4781 682 4858 huic
709 4810 824 4859 cornu
970 4779 972 4786 ¹

433 4961 435 4965 ,
473 4971 475 4978 Ι
529 4979 531 4983 .
595 4884 667 4958 hoc
693 4913 806 4968 cornu

597 5014 620 5060 o
647 5015 762 5067 cornu

596 5116 769 5165 acornu.

682 5229 888 5303 Pluraliter.

599 5344 688 5420 haee
714 5373 850 5421 cornua
976 5381 978 5386 ·

598 5446 731 5522 horum
758 5477 934 5524 cornuum
1002 5499 1005 5504 -
1047 5515 1051 5524 .

599 5549 656 5626 his
685 5555 854 5638 cornibus

296 5680 510 5710 ἱ----

323 5784 374 5853 ⁸5)
392 5789 513 5848 nomn]
529 5786 558 5838 tn
575 5788 627 5842 td.
643 5798 705 5839 aa.
725 5787 812 5838 deest.

324 5868 663 5936 manusuetus
683 5871 959 5936 tua-essue
982 5871 1004 5888 ·’
1041 5901 1060 5916 ..

292 5941 479 6020 Imm
500 5957 608 6023 Oen.
630 5955 806 6021 vouxx.

916 649 1056 726 ¹-ucvt
1112 645 1445 726 omunauea
1477 582 1670 720 sarna

1528 862 1531 867 ·
1634 811 1727 886 baec
1752 838 1886 885 cornua

1638 943 1660 990 o
1688 941 1824 989 cornua

1634 1045 1656 1090 a
1679 1021 1860 1091 cornibus.

1585 1187 1758 1280 Quinta
1787 1184 2069 1259 Declinatio.

1429 1304 1545 1375 Unica
1573 1305 1781 1375 terminatio
1807 1318 1860 1376 est
1885 1303 2003 1400 quinti
2019 1304 2175 1390 ordinis,
2202 1329 2258 1387 es,
2284 1320 2326 1377 ut

1327 1408 1480 1501 species,
1507 1409 1605 1478 fides.

1704 1522 1952 1619 Singulariter.

1483 1629 1581 1700 llaec
1607 1626 1741 1721 species

1481 1727 1590 1804 huius
1616 1730 1747 1822 speciei
1836 1729 1985 1821 elonga
2008 1740 2061 1798 est
2082 1728 2261 1822 inpuris,
2286 1730 2325 1801 id

1482 1831 1567 1905 huic
1593 1833 1724 1926 speciei
1836 1844 1908 1916 est,
1934 1830 2096 1900 vocalem
2111 1845 2196 1929 ante
2212 1833 2245 1904 ei
2261 1827 2325 1905 ha·

1431 2020 1435 2029 Ι
1483 1933 1579 2007 hanc
1602 1935 1756 2028 speciem
1834 1931 2324 2028 bentibusffl),ina1iirhre-

1386 2102 1389 2109 .
1424 2122 1427 2127 Ι
1483 2038 1667 2132 ospeeies
1838 2036 1912 2122 vis,
1938 2050 1978 2125 ut
1992 2036 2087 2108 fidei.

1485 2140 1659 2233 aspecie.

1721 2256 1928 2330 Pluraliter.

1638 2359 1706 2431 hae
1731 2361 1865 2453 species

1637 2460 1767 2533 harum
1792 2463 1989 2555 specierum

1637 2558 1694 2634 his
1720 2565 1905 2656 speciebus

1637 2661 1704 2736 has
1728 2666 1862 2757 specics

1640 2792 1662 2837 o
1688 2768 1822 2858 species

1638 2871 1883 2960 aspeciebus.

1390 3064 1399 3088 .
1431 2987 1639 3072 Genitivus,
1665 2988 1808 3060 dativus
1821 3001 1859 3059 et
1875 2989 2052 3058 ablativus
2067 2989 2106 3056 in
2121 2987 2243 3079 paucis
2257 3011 2323 3055 no·

1328 3091 1487 3161 minibus
1502 3085 1612 3167 huus
1623 3089 1763 3161 ordinis
1777 3102 2008 3182 usurpantur.

1248 3282 1278 3289 1,
1308 3238 1310 3245 -
1425 3192 1530 3264 otim
1558 3217 1604 3264 ex
1633 3193 1741 3262 tertio
1766 3193 1894 3279 ordine
1918 3194 2097 3288 quaedam
2118 3187 2190 3263 hoe
2212 3193 2325 3262 modo

1171 3393 1173 3405 Ι
1329 3296 1580 3380 declinabant,
1619 3296 1741 3387 plebes
1756 3295 1805 3385 ⁸⁸)
1831 3296 1961 3389 plebei.
2029 3294 2095 3367 Est
2120 3295 2159 3365 id
2180 3318 2326 3390 quoque

1329 3400 1616 3484 observandum,
1646 3398 1844 3492 genitivum
1871 3394 2036 3470 contrahi
2058 3399 2173 3469 solere
2195 3399 2235 3466 iu
2258 3394 2327 3468 hae

1329 3502 1592 3584 declinatione,
1618 3514 1659 3569 ut
1680 3525 1747 3591 pro
1771 3501 1841 3572 diet
1855 3502 1994 3571 dicatur
2011 3501 2089 3586 die,
2116 3501 2214 3594 quod
2230 3512 2326 3569 recte

1329 3604 1462 3675 scribas
1486 3600 1615 3696 diet10)
1642 3602 1789 3694 antiqua
1807 3598 2052 3695 diphthongo,
2077 3612 2119 3672 ut
2133 3602 2228 3692 apud
2245 3600 2327 3670 Vir·

1330 3706 1455 3797 gilium
1472 3702 1624 3802 [Georg.
1639 3700 1666 3787 l,
1682 3699 1810 3803 208.]:
1844 3705 1953 3773 Libra
1970 3705 2042 3775 diel
2057 3704 2247 3799 somnique
2262 3727 2327 3797 pa·

1329 3832 1388 3878 res
1403 3810 1466 3878 ubi
1480 3806 1602 3876 lecerit
1618 3801 1740 3877 horat.

1441 3937 1445 3944 Ι
1516 3939 1520 4001 f
1625 3959 1693 4042 De¹
1713 3954 2023 4031 heteroclitis.

1434 4078 1616 4151 Hactenus
1655 4079 1858 4173 analogiam
1897 4078 2172 4171 proposuimus,
2216 4103 2327 4173 quam

1330 4205 1463 4274 pueros
1497 4182 1619 4254 animo
1652 4182 1840 4274 complecti
1872 4193 2034 4274 oportet,
2068 4193 2109 4250 ut
2127 4182 2261 4274 fingere
2283 4206 2328 4251 ex

1332 4284 1527 4380 propositis
1552 4285 1809 4377 paradigmatis
1825 4286 1988 4363 omnium
2005 4308 2134 4356 vocum
2152 4308 2255 4362 casus
2270 4297 2326 4353 at-

1332 4414 1403 4484 que
1420 4387 1638 4478 variationes
1656 4387 1805 4480 possint.
2171 4477 2174 4481 Δ

1435 4490 1501 4562 Est
1522 4503 1640 4561 autem
1663 4489 1829 4583 analogia
1852 4489 2062 4582 proportio,
2092 4514 2173 4560 cum
2194 4487 2327 4561 similia

1237 4653 1240 4684 ς
1332 4596 1427 4665 iuter
1441 4618 1479 4666 se
1493 4581 1746 4678 conseruntur,
1772 4615 1908 4663 nomen
1921 4594 2054 4664 factum
2073 4593 2118 4662 ab
2135 4589 2328 4692 ἀναλέγειν
2410 4615 2418 4629 ·

1332 4710 1501 4790 reputare
1514 4692 1633 4789 ¹atque
1655 4696 1846 4766 aestimare
1856 4694 1926 4793 ⁴⁸),
1961 4698 2058 4788 quod
2074 4695 2240 4765 videlicet
2256 4694 2329 4764 eol·

1332 4800 1469 4869 latione
1495 4795 1697 4868 similitudo
1728 4794 2039 4891 deprehendatur,
2079 4810 2116 4867 et
2141 4809 2327 4891 appareat.

1333 4903 1523 4994 Superest,
1540 4912 1595 4978 -ut
1616 4902 1661 4970 de
1684 4901 1861 4973 anomalis
1877 4899 2050 4971 dicamus.
2099 4898 2328 4971 Sunt-autem

1091 5081 1096 5094 ,
1181 5081 1201 5094 ,,
1275 5018 1279 5028 ’
1333 5003 1607 5098 perpauca,›·iu
1622 5001 1992 5098 quibusususbatine
2014 5003 2240 5098 loquentium
2257 5003 2328 5075 dis-

1334 5105 1439 5177 ⁶⁰⁸⁸st
1460 5105 1506 5176 δι)
1525 5107 1706 5199 Ψίοεία.
1740 5102 1907 5200 Ὁμαλδν
1924 5105 2071 5177 Graecis
2092 5103 2241 5202 aequale
2265 5117 2329 5179 est.

1333 5210 1440 5280 Unde
1457 5207 1624 5280 anomala
1638 5210 1807 5281 dixerunt
1821 5209 1884 5295 ea',
1911 5234 2003 5305 quae
2019 5233 2093 5280 non
2109 5209 2330 5304 quadrarent

1335 5315 1381 5382 ad
1397 5312 1571 5403 regulam.

1345 5546 1418 5613 ,87)
1435 5547 1486 5602 td.
1502 5544 1662 5608 uadit
1678 5547 1737 5602 ut
1756 5549 1924 5613 exo-,lm
1946 5550 1980 5602 nt
1997 5547 2137 5608 attend.

1368 5630 1418 5697 88)
1437 5628 1548 5699 plebes]
1569 5630 1653 5682 uuttt
1673 5633 1759 5699 tots,
1777 5646 1802 5683 s.
1814 5645 1858 5689 ιε
1882 5635 1960 5698 plebs
2188 5646 2195 5656 ·

1369 5717 1419 5785 89)
1437 5716 1508 5778 diet]
1528 5717 1613 5789 uottt
1634 5717 1724 5783 tm,
1741 5731 1767 5770 ι.
1780 5730 1825 5772 tt.=
1848 5720 1910 5771 nst
1999 5761 2002 5766 .

1362 5805 1421 5872 ,10)
1437 5796 1837 5873 t-upoe-nwummfl
1862 5806 1948 5859 Βάκι
1966 5808 2059 5875 tut,
2082 5818 2163 5862 ιιι
2191 5799 2330 5877 δηλήσ-

1407 5889 1476 5944 pu,
1498 5875 1571 5940 qood
1586 5874 1727 5942 milret
1743 5881 1858 6015 rqspto,
1880 5876 2006 5945 mutere,
2081 5897 2086 5906 ·
