5534 6700
361 671 448 745 {tto

422 840 591 911 vocum
620 837 743 906 eliae
763 835 1026 926 simplices,
1060 832 1180 901 aliae
1203 853 1312 900 con·

772 938 969 1008 iunctae.

476 1073 695 1149 Thematum
710 1073 779 1154 alia
794 1071 1014 1163 simplicibus
1028 1068 1173 1139 vocibus
1188 1077 1364 1148 constant,

373 1196 414 1254 ut
436 1182 528 1253 side
549 1175 708 1260 lustitia,
734 1173 807 1267 ρι’)
828 1173 1016 1257 Amicitia,
1043 1175 1086 1241 'de
1103 1169 1210 1241 Febri
1231 1188 1364 1261 propo-

374 1298 499 1355 natur:
533 1282 601 1349 alia
625 1278 788 1348 oratione
812 1290 995 1360 constant,
1027 1288 1067 1344 ut
1088 1275 1165 1345 iure
1187 1296 1233 1341 ne
1250 1295 1296 1340 an
1311 1270 1365 1338 in-

375 1388 467 1457 iuria
487 1382 652 1454 Clodium
668 1379 759 1450 Milo
783 1378 972 1460 occiderit;
1005 1377 1096 1448 sitne
1121 1398 1216 1445 uxor
1235 1376 1366 1444 ducen-

376 1492 443 1580 da,
463 1512 510 1556 an
526 1509 620 1564 nou;
647 1483 738 1554 sitne
752 1478 911 1552 Iustitiae
926 1502 1011 1573 pars
1026 1477 1196 1562 amicitia,
1217 1498 1263 1545 an
1278 1498 1365 1544 non.

376 1591 484 1683 Quod
500 1585 698 1657 thematum
716 1583 907 1667 discrimen
922 1584 992 1653 nisi
1014 1583 1201 1660 observes,
1227 1577 1367 1671 pericu-

376 1695 451 1762 lum
483 1704 552 1770 est,
584 1713 630 1758 ne
651 1713 719 1759 usu
742 1711 863 1756 rerum
883 1685 1149 1755 dialecticarum
1167 1681 1366 1752 trustreris.

377 1794 470 1866 Nam
494 1793 564 1861 alia
584 1789 785 1859 dialectices
800 1813 884 1879 pars
901 1787 1119 1879 simplicibus
1135 1786 1282 1854 vocibus
1294 1807 1367 1854 ser-

626 2470 795 2560 capi-cs
829 2469 1124 2538 Di-alecticss.

377 2671 380 2674 ,
476 2605 630 2675 'Summa
654 2602 859 2672 dialecticae
882 2603 997 2696 capita
1022 2603 1090 2671 tria
1112 2615 1215 2684 sunt,
1229 2601 1369 2685 hnitio,

381 2707 510 2780 divisio
536 2720 571 2776 ct
597 2705 872 2798 argumentatio.
935 2702 1070 2775 Finltio
1103 2712 1139 2774 'ct
1166 2702 1294 2776 divisio
1323 2706 1369 2774 ad

380 2810 558 2901 simplices
576 2833 680 2878 voces
698 2808 898 2899 pertinent,
933 2807 1195 2897 argumentatio
1219 2811 1264 2876 ad
1289 2822 1370 2879 o'ta·

380 2914 531 2984 tionem.
583 2910 862 3003 Meminerisque
884 2911 950 2980 tihi
963 2906 1020 2980 his
1039 2910 1215 2978 dialectici
1229 2906 1371 2979 artificii

380 3014 498 3085 modis
531 3037 620 3104 opus
648 3013 726 3080 fore
759 3013 925 3080 inomni
959 3035 1088 3103 genere
1116 3024 1190 3079 tam
1224 3013 1370 3095 artium,

381 3141 489 3212 quam
515 3115 676 3186 civilium
705 3138 929 3199 caussarum,
962 3114 1024 3186 nbi
1051 3113 1138 3210 quid
1159 3115 1370 3200 finiendum,

380 3219 636 3301 dividendum,
661 3219 965 3301 confirmandum,
991 3219 1307 3303 confutandum,
1330 3229 1372 3289 nt

381 3320 495 3392 multa
517 3318 856 3401 cotenu-inciderit.

570 3483 635 3555 Dc
663 3484 850 3558 vocibus
875 3483 1180 3579 simplicibus.

437 3689 439 3693 .
477 3621 669 3714 Principio
690 3623 869 3706 studiosos
888 3607 1087 3706 admoneri,
1113 3623 1152 3693 in
1175 3621 1371 3693 tractandis

382 3722 575 3796 dialecticis
596 3717 689 3794 nihil
710 3750 769 3808 me
787 3738 1014 3809 secuturum,
1037 3724 1108 3797 nisi
1121 3749 1194 3820 quo
1211 3721 1371 3797 humana

373 3828 477 3898 ,ratio
489 3829 621 3911 ductu,
646 3852 790 3924 quaque
809 3828 888 3912 via,
914 3852 1144 3923 quascunque
1154 3852 1215 3899 res
1230 3840 1313 3921 apte
1330 3850 1372 3898 ac

372 3932 531 4026 ‚proprie
554 3928 713 4022 vestiget.
763 3927 945 4016 Proinde,
974 3939 1190 4027 quoeunque
1214 3925 1372 4001 themate

372 4037 591 4131 proposito,
631 4059 752 4107 nonne
783 4060 884 4107 mens
912 4031 1070 4116 hominis
1088 4034 1252 4126 primum
1274 4032 1372 4105 vocis

383 4140 678 4232 significationem
704 4136 992 4230 contemplatur?
1042 4136 1139 4228 Ergo
1154 4162 1241 4209 cum
1264 4160 1372 4232 quae·

384 4243 454 4314 stio
478 4243 543 4327 sit,
560 4242 660 4335 quid
682 4263 816 4312 nomen
836 4241 1028 4331 significet,
1060 4240 1218 4334 primum
1242 4240 1372 4312 consti·

384 4347 522 4413 tuenda
552 4358 605 4414 est
632 4345 670 4411 in
702 4345 803 4413 omni
829 4337 1071 4435 disputatione
1096 4355 1190 4412 certa
1213 4341 1372 4412 nominis

386 4443 615 4536 significatio,
651 4471 697 4515 ne
725 4471 795 4540 qua
825 4447 871 4517 sit
893 4448 932 4514 in
956 4470 1042 4515 voce
1067 4446 1303 4538 ambiguitas,
1330 4445 1373 4516 lit

387 4559 507 4616 autem
526 4545 562 4613 id
578 4548 739 4619 linitione
754 4548 931 4633 nominis,
957 4562 998 4620 ut
1011 4560 1152 4621 vocant.

588 4711 654 4787 tte
687 4721 914 4792 finitione
948 4719 1156 4790 nominis.

488 4853 624 4925 Finitio
656 4858 812 4929 nominis
838 4870 891 4928 cst
921 4856 1094 4949 expositio
1126 4853 1373 4947 grammatica,

386 4981 449 5028 seu
473 4957 688 5050 etymologia
712 4962 886 5052 quaedam
903 4960 1089 5042 vocabuli,
1115 4970 1156 5028 ut
1169 4956 1305 5027 Civitas
1321 4966 1374 5025 est

386 5059 518 5130 civium
541 5060 740 5138 consensio.
796 5058 1031 5155 Philosophia
1062 5074 1114 5131 est
1134 5060 1293 5131 studium
1318 5081 1374 5130 sa·

385 5161 562 5253 pientiae,
587 5160 730 5233 lndoles
748 5177 801 5233 est
815 5163 972 5256 ingenita
990 5176 1141 5236 naturae
1161 5162 1373 5253 proprietas.

383 5264 569 5334 Utendum
600 5278 652 5335 est
679 5261 749 5335 hoc
780 5267 928 5337 finiendi
959 5291 1107 5359 genere,
1141 5264 1315 5343 maxime,
1343 5262 1375 5334 si

384 5389 479 5459 quae
499 5366 662 5438 incidunt
678 5368 716 5437 in
733 5368 1012 5460 disputationem
1024 5392 1148 5452 voces,
1173 5379 1214 5437 ut
1229 5377 1374 5449 vocant,

383 5468 614 5560 aequivocae,
637 5496 730 5564 quae
745 5496 802 5541 res
819 5472 977 5544 diversas
991 5472 1203 5564 significant,
1230 5481 1270 5541 ut
1286 5468 1316 5539 si
1329 5469 1374 5537 de

382 5569 525 5664 Polypo
551 5571 725 5659 disseras,
758 5575 952 5658 constitue,
977 5569 1167 5657 morbum,
1193 5596 1240 5641 an
1263 5595 1375 5663 genus

383 5673 489 5764 piscis
512 5673 704 5766 significari
730 5675 829 5747 velis.
882 5673 985 5746 'Nam
1006 5673 1225 5759 rlliale'ctica,
1257 5686 1299 5744 ut
1323 5684 1375 5743 est

419 5873 452 5932 n
470 5876 513 5936 a]
529 5874 571 5925 ac
587 5874 638 5927 nc
650 5874 694 5940 s,
720 5872 806 5927 suu.
822 5874 847 5928 ι.
861 5872 887 5925 s.
906 5873 940 5925 aa

864 660 940 735 vu
984 656 1364 734 ssolffllllllhlll'h
1389 654 1708 729 ‘ssfflffll'lfflt
1740 657 1902 733 nauto,

2298 664 2408 742 still

1410 830 1585 920 magistra
1604 831 1692 899 certi
1706 830 1784 927 οῖ’)
1804 831 2153 923 propriisormonic,
2172 836 2230 906 tta
2243 839 2407 910 omnium

1410 931 1566 1002 »minime
1584 956 1688 1005 voees
1704 933 1891 1024 ambiguas
1906 936 2076 1008 admittit:

1816 1102 2003 1196 Regula.

1480 1343 1489 1358 ·
1518 1238 1635 1359 Jt'ocss
1667 1240 1851 1332 ambiguas
1886 1241 2070 1311 dialectica
2104 1242 2305 1335 proprietas
2330 1267 2408 1314 nou

1411 1354 1556 1434 recipit.

1469 1440 1472 1445 >
1701 1476 1769 1546 De
1794 1477 2014 1549 finitione
2041 1480 2118 1549 rei.

1518 1612 1737 1708 Postquam,
1765 1614 1851 1707 quid
1874 1639 2008 1684 nomen
2030 1616 2221 1706 significet,
2247 1642 2409 1712 compre-

1418 1710 1584 1786 henderit
1612 1715 1773 1798 animus,
1806 1741 1948 1800 nonne,
1985 1742 2077 1811 quae
2107 1720 2323 1810 significatae
2356 1723 2410 1795 rei

377 1896 442 1978 vlt,
455 1884 522 1965 alla
541 1890 757 1970 coniunctis;
774 1891 846 1959 iam
862 1889 1134 1961 coniunctorum
1148 1900 1278 1957 natura
1296 1885 1367 1955 exi·
1419 1830 1567 1902 natum'
1600 1843 1691 1912 quae
1715 1821 1874 1888 condam
1897 1834 1961 1904 Μ’
1997 1821 2224 1916 “munim
2262 1836 2304 1892 ω
2327 1848 2408 1895 eum

377 1997 449 2090 git,
475 2010 516 2068 ut
531 1996 668 2066 solutae
682 2006 897 2063 revocentur
913 1994 957 2061 ad
972 1989 1173 2074 methodos,
1200 2003 1234 2059 et
1250 2012 1367 2059 amus-

377 2100 445 2170 sim
473 2096 710 2190 simplicium,
742 2096 870 2164 necin
894 2094 1136 2179 orationibus,
1169 2091 1257 2187 quid
1278 2089 1368 2174 veri,

379 2196 464 2296 qu'id
498 2191 577 2270 lalsi
607 2199 709 2282 insit,
752 2193 1016 2290 deprehendes,
1054 2195 1124 2266 nisi
1152 2193 1366 2287 simplicium

379 2318 507 2371 vocum
529 2314 678 2370 naturas
704 2300 852 2391 proprie
875 2298 1078 2369 excusseris.

1420 1920 1628 2006 didicimus,
1655 1921 1742 2014 quid
1764 1945 1850 1991 voce
1867 1923 2008 1991 animae
2024 1923 2261 2012 significetur,
2286 1948 2408 2001 nonne

1403 2092 1406 2097 ,
1420 2023 1589 2113 gestimus
1609 2035 1775 2094 naturam
1802 2048 1842 2093 ac
1858 2025 2101 2094 conditionem
2118 2025 2317 2096 absolutam
2333 2028 2410 2101 ani-

1420 2150 1502 2196 mae
1515 2124 1690 2196 cernere?
1705 2127 1866 2216 ¹perinde
1889 2140 1996 2221 atque
2017 2153 2097 2197 cum
2117 2128 2237 2200 verbis
2257 2128 2410 2200 describi

1420 2229 1628 2320 peregrinas
1644 2227 1805 2319 picturas
1829 2243 1891 2298 aut
1912 2231 2048 2301 formas
2071 2232 2255 2316 audimus,
2287 2256 2409 2303 nonne

1412 2332 1590 2422 ,gestimus
1616 2330 1687 2398 iam
1716 2331 1762 2400 ob
1787 2332 1909 2403 oculos
1939 2333 2074 2423 positas
2099 2356 2219 2403 coram
2252 2347 2410 2405 contem·

1410 2430 1538 2525 plari?
1572 2432 1735 2523 proxime
1765 2437 2051 2541 contemplamur
2081 2460 2156 2520 res,
2189 2437 2411 2520 delinitione,

1421 2559 1528 2628 quam
1554 2547 1703 2617 vocant,
1732 2534 1796 2604 rei.
1847 2533 1918 2606 Est
1937 2561 2021 2627 ergo
2045 2539 2161 2608 linitio
2185 2540 2257 2623 rei,
2291 2539 2409 2611 oratio

1422 2637 1599 2728 explicans
1624 2649 1790 2705 naturam
1813 2662 1877 2707 seu
1901 2639 2122 2710 conditiones
2135 2642 2317 2713 naturales
2333 2637 2410 2712 the-

1421 2739 1547 2822 matis,
1580 2740 1677 2832 quod
1703 2741 1926 2830 propositum
1954 2755 2016 2812 est.
2084 2742 2179 2834 Quid
2206 2743 2272 2826 sit,
2303 2739 2411 2823 huius

1412 2840 1561 2933 ,generis
1582 2841 1833 2938 finitionum&
1866 2843 2027 2935 quaestio
2047 2857 2110 2914 est.
2162 2843 2257 2912 Tota
2280 2869 2411 2915 vocum

1411 2942 1634 3035 simplicium
1668 2943 1761 3012 ratio
1796 2948 1890 3036 apud
1917 2944 2150 3016 Dialecticum
2188 2940 2279 3015 nihil
2312 2946 2412 3018 aliud

1422 3045 1514 3138 agit,
1540 3068 1650 3139 quam
1666 3059 1706 3116 ut
1721 3045 1824 3116 linire
1839 3049 1965 3117 doccat
1981 3073 2023 3117 ac
2036 3049 2208 3120 dividere.
2251 3049 2411 3119 Proinde

1422 3147 1628 3221 discrimina
1657 3149 1872 3244 ordinesque
1901 3174 2028 3220 vocum
2046 3150 2357 3243 ,praescrihemum
2374 3176 2410 3221 e

1423 3251 1552 3344 quibus
1569 3264 1691 3343 postea
1707 3252 1887 3324 finitiones
1903 3254 2068 3340 colligere
2084 3255 2302 3325 docebimus.

1416 3408 1483 3491 lte
1511 3418 1709 3515 quinque
1736 3445 1891 3492 vocum
1920 3446 1996 3491 seu
2022 3419 2410 3512 praedicabilium

1820 3524 2017 3592 ratione.

1524 3654 1566 3726 ln
1585 3655 1744 3726 artificio
1765 3657 2014 3728 definitionum
2046 3654 2202 3747 primum
2228 3651 2411 3724 observari

1424 3758 1529 3828 debet
1548 3756 1856 3852 (quandoquidem
1882 3783 1986 3831 voces
2010 3758 2157 3828 vocibus
2172 3757 2413 3837 declarantur,

1424 3873 1611 3936 etnatura
1636 3885 1757 3932 rerum
1786 3862 1968 3933 vocabulis
1989 3859 2168 3953 signatur.)
2194 3859 2282 3928 alias
2307 3854 2412 3928 voce's

1424 3988 1499 4035 esse
1526 3963 1605 4034 aliis
1628 3964 1912 4048 communiorcs,
1949 3963 2028 4034 aliis
2051 3962 2197 4033 vocibus
2225 3975 2305 4032 tum
2333 3958 2412 4054 aliis

1423 4078 1552 4136 natura
1571 4066 1774 4148 convenire,
1801 4092 1880 4136 cum
1900 4066 1978 4135 aliis
1995 4091 2069 4133 non
2088 4063 2292 4133 convenire.
2331 4060 2413 4130 Pri-

1424 4193 1524 4242 mum
1540 4192 1624 4261 ergo
1639 4172 1733 4260 apud
1752 4170 1975 4238 dialecticum
1992 4192 2119 4236 vocum
2136 4164 2339 4244 discrimen,
2360 4173 2413 4231 est

1421 4272 1462 4348 in
1483 4263 1734 4356 individuum,
1773 4271 1954 4363 Speciem,
1987 4270 2126 4352 Genus,
2161 4257 2411 4336 Differentiam

1425 4387 1460 4445 ct
1481 4372 1667 4445 Accidens.
2224 4457 2227 4462 ,

1525 4472 1754 4560 lndiv-iduum
1781 4488 1833 4546 est
1849 4498 1987 4544 nomen
2006 4473 2215 4566 proprium,
2240 4483 2280 4541 ut
2294 4466 2413 4560 Virgi-

1424 4580 1506 4665 lius,
1519 4578 1637 4661 Plato,
1661 4574 1720 4649 hic
1733 4574 1857 4662 houm,
1881 4574 1941 4647 hic
1953 4579 2029 4648 bos.
2061 4665 2063 4669 Ι
2082 4575 2140 4646 Sic
2154 4574 2248 4644 enim
2263 4569 2412 4663 propria

1425 4680 1753 4775 circumloquimur.
2361 4684 2364 4688 ’

1528 4782 1669 4875 Species
1686 4796 1886 4852 estnomen
1900 4804 2111 4861 commune,
2139 4776 2341 4868 proximum
2360 4771 2414 4841 in-

1425 4886 1573 4958 dividuo
1590 4898 1698 4979 atque
1712 4886 1817 4968 adeo,
1845 4886 1942 4980 quod
1955 4884 1994 4952 in
2007 4880 2210 4951 deliniendo
2226 4875 2413 4946 individuo

1424 4989 1581 5083 primum
1600 4990 1773 5072 occurrit,
1796 5000 1836 5057 ut
1853 4986 1987 5069 Homo,
2011 4985 2096 5055 Bos.
2147 4981 2241 5053 Nam
2258 4980 2288 5051 si
2307 5000 2415 5074 quae-

1425 5104 1547 5177 ratur,
1585 5091 1673 5186 quid
1698 5087 1869 5182 Virgilius
1894 5090 1959 5172 sit,
2000 5087 2258 5179 respondetur,
2292 5076 2415 5150 homo.

1426 5193 1609 5287 Significat
1630 5206 1747 5266 autem
1773 5194 1906 5286 species
1929 5216 2038 5261 unam
2059 5190 2241 5286 quandam
2264 5196 2299 5254 et
2320 5206 2415 5251 com·

1426 5321 1570 5368 munem
1603 5296 1795 5389 imaginem
1828 5307 1998 5379 naturae,
2039 5315 2132 5385 quac
2157 5301 2210 5362 est
2232 5289 2270 5356 in
2294 5283 2416 5355 multis

1426 5399 1640 5492 individuis,
1674 5400 1921 5470 adumbratam
1949 5410 1986 5468 et
2012 5406 2219 5486 conceptam
2248 5415 2269 5459 a
2295 5398 2415 5457 mente

1461 5639 1493 5696 4)
1512 5634 1553 5703 st]
1576 5636 1615 5686 slc
1632 5636 1736 5699 ans
1760 5633 1846 5685 uaitt
1861 5637 1885 5687 t.
1899 5633 1978 5694 &ec
2013 5623 2016 5628 ’

1460 5724 1492 5781 s)
1510 5722 1610 5773 annm.
1634 5730 1741 5785 urge
1770 5720 1868 5771 onnls
1892 5717 2013 5784 oognttto
2030 5714 2178 5775 tatutttvs,
2208 5713 2253 5762 ast
2275 5705 2417 5759 dsflotttss

1495 5794 1596 5843 contre
1614 5790 1727 5854 sunm.

1460 5874 1493 5933 t)
1509 5873 1696 5938 tudonud
1712 5870 1804 5952 uri.
1821 5882 1922 5925 κιαι-ο
1939 5874 2016 5933 type
2037 5863 2206 5929 Manus
