5534 6700
432 758 512 823 sor.
527 777 558 824 a.
698 753 811 840 ἔτυψα
959 748 1060 825 ἔλεξα

432 860 515 925 Δοι.
528 861 584 927 b..
695 855 821 922 ἔνυττον
959 853 1099 934 ἔλεγον.

713 977 789 1048 llll.
995 973 1072 1046 llll.
1250 972 1295 1042 V.
1303 970 1353 1065 ⁴¹)

433 1096 604 1162 Praesens
699 1091 820 1177 φρύζα
959 1087 1100 1175 πράττοι
1222 1084 1349 1173 ψύλλο

432 1196 621 1283 mpetu)
695 1191 846 1279 ἔφραζον
957 1189 1129 1276 ἔπραττον
1219 1185 1377 1275 ἔψαλλον

433 1298 579 1366 Perfert.
698 1296 860 1379 πέφρακα
956 1291 1175 1379 πέπραχαῧ)
1218 1285 1357 1376 ἔψαλοα

323 1478 330 1497 ‚
432 1398 652 1484 Plusqmporf.
696 1390 907 1480 ἔπεφριίκειν
956 1388 1387 1481 ἔπεπράχειιῆἔψύλιιειν

433 1503 511 1569 rus.
529 1521 560 1566 s.
641 1545 643 1547 .
697 1493 822 1583 φράσοι
957 1493 1080 1581 πράξιι
1187 1578 1197 1595 ΙΙ
1217 1492 1325 1582 ψαλυ·

433 1604 511 1669 sus
523 1601 554 1664 b.
695 1593 821 1682 φραάιῖ
955 1594 1078 1682 repersi
1215 1591 1322 1680 ψαλιί
1379 1603 1382 1610 “

434 1705 512 1770 Aer.
527 1720 557 1765 a.
695 1695 835 1782 ἔφρασα
959 1693 1094 1781 ἔπραξα
1219 1691 1335 1780 ἔψρλα

434 1806 515 1870 Aur.
531 1803 563 1866 b.
695 1794 849 1884 ἔφραάον
956 1794 1108 1881 ἔπρανον
1219 1793 1365 1882 ἔφαλον.

850 1917 966 2015 v1.⁴¹)

931 2035 1009 2100 sut.
1025 2054 1055 2100 a.
1076 2034 1174 2115 μύσει

930 2139 1007 2203 llut.
1023 2138 1055 2202 b.
1074 2136 1152 2218 μυό

933 2242 1012 2304 Aor.
1026 2259 1058 2303 s.
1080 2233 1191 2320 ἔμυσα

1222 745 1348 815 ἔπεισα

1223 847 1383 916 ἔπειθον.

435 2038 604 2106 Ρηοεοιιε
624 2034 701 2117 μύει

435 2140 570 2224 Imperi.
593 2135 697 2219 ἔρυον

540 2448 610 2519 Sex
639 2444 934 2536 coniugationum
964 2458 1070 2538 typos
1091 2443 1244 2527 tradidi,
1278 2455 1428 2538 quartae

439 2549 702 2642 coniugationis
725 2547 924 2638 duplicem,
962 2559 1112 2638 propter
1136 2549 1228 2617 duos
1246 2545 1323 2617 eius
1344 2540 1428 2614 eha-

437 2667 594 2724 racteres
617 2648 892 2742 praeteritorum
916 2671 958 2719 ac
977 2649 1194 2721 futurorum.
1258 2644 1429 2718 Enitatur

437 2779 547 2850 puer,
572 2765 612 2824 ut
625 2774 860 2847 quaecunque
876 2759 1067 2820 occurrant
1082 2752 1212 2835 verba,
1232 2745 1303 2820 hoc
1316 2751 1428 2820 modo

436 2882 502 2952 per
515 2853 701 2924 indicativi
715 2852 890 2922 formulas
910 2852 1145 2935 demetiatur,
1174 2846 1268 2921 nihil
1289 2852 1429 2923 maiore

439 2957 632 3030 commodo
650 2957 688 3022 in
707 2978 746 3022 re
762 2953 998 3042 grammatica
1013 2953 1133 3023 saciet.
1170 2949 1284 3025 'Nam
1308 2978 1352 3024 ex
1372 2949 1430 3023 his

436 3061 615 3153 reliquam
641 3053 929 3145 coniugationem
949 3053 1054 3124 facile
1076 3054 1254 3126 coniicict.
1318 3052 1430 3149 Quid,

437 3160 599 3256 inquies,
626 3159 671 3227 de
685 3153 945 3239 circumflexis?
979 3178 1044 3227 cur
1064 3152 1181 3228 adhuc
1206 3155 1268 3226 illa
1290 3155 1430 3227 latent?

437 3261 616 3360 Equidem
648 3271 683 3328 et
703 3258 765 3326 illa
788 3257 827 3326 in
850 3253 938 3327 haec
959 3256 1142 3329 includam
1165 3246 1431 3353 paradigmata,

438 3379 481 3439 nt
511 3362 667 3444 videbis,
714 3372 821 3454 atque
855 3362 944 3430 adeo
979 3358 1192 3433 satisfaciam
1226 3359 1292 3432 tibi
1324 3386 1430 3456 pror·

1268 3457 1279 3486 Ι
1377 3464 1387 3481 ο

439 3493 519 3543 sum
547 3468 586 3535 in
609 3463 783 3533 varianda
804 3459 956 3533 diathesi
977 3488 1009 3535 α
1027 3465 1133 3536 unius
1147 3468 1217 3538 τοῦ
1231 3488 1361 3538 summ
1376 3488 1430 3533 m·

438 3569 603 3643 flexione.
901 3561 903 3567 ’
1283 3650 1285 3653 ¹

539 3669 596 3740 De
618 3664 814 3738 indicativo
837 3666 934 3738 satis.
1000 3664 1120 3758 Exigit
1140 3666 1228 3739 fides
1249 3690 1358 3752 mea,
1389 3678 1432 3737 ut

438 3768 608 3845 nonnihil
629 3769 668 3840 in
692 3768 783 3838 alios
805 3769 972 3837 aduotem
998 3769 1139 3839 modos.
1197 3764 1430 3863 Quamquam

438 3875 542 3946 facile
556 3873 609 3941 illi
623 3870 789 3966 quidem,
821 3869 955 3963 quippe
979 3893 1022 3940 ex
1045 3867 1248 3942 indicativis
1270 3872 1431 3941 forman·

439 3991 520 4062 tur,
546 3988 668 4045 tamen
681 3984 723 4042 ut
747 3970 962 4062 compendio
975 3995 1075 4065 ¹puer
1099 3972 1219 4043 omnia
1247 3986 1431 4068 sequatur,

440 4075 532 4150 mihi
547 4099 653 4148 curae
670 4085 733 4145 est.

541 4176 667 4253 τύπτε.
701 4176 904 4266 analogiam
920 4199 1079 4271 sequere.

542 4278 669 4378 τύψον
690 4277 851 4348 aoriston
872 4278 1033 4350 futurum
1058 4290 1129 4361 est,
1160 4301 1236 4347 non
1256 4277 1432 4369 praeteri·

443 4399 520 4457 tum
531 4381 599 4479 ⁴¹),
624 4373 792 4478 οτύφιο,
817 4406 849 4452 (ο
863 4381 902 4449 in
919 4408 983 4472 ον,
1009 4382 1059 4452 sic
1074 4383 1119 4451 de
1139 4379 1238 4460 aliis;
1261 4380 1431 4474 frequens

441 4488 540 4558 enim
555 4480 626 4554 hoc
638 4485 799 4553 futurum
817 4495 889 4565 est,
909 4480 1043 4577 ἔλεήσω
1058 4480 1215 4576 ἐλέησον.
1261 4479 1430 4555 Fortasse

441 4587 605 4672 miraris,
651 4606 828 4678 quaenam
868 4583 941 4654 sint
980 4580 1189 4655 huiusmodi
1223 4583 1430 4675 praeterita.

441 4690 538 4764 Audi
558 4686 784 4761 Priscianum
816 4685 855 4755 in
883 4698 1010 4756 octavo
1033 4686 1096 4757 lib.
1120 4684 1170 4757 sic
1195 4686 1429 4757 scribentem:

441 4796 550 4890 Apud
566 4793 724 4866 Graecos
740 4789 848 4859 etiam
865 4787 1050 4882 praeteriti
1065 4787 1238 4880 temporis
1257 4802 1341 4860 sunt
1363 4788 1430 4859 im-

442 4896 624 4994 perativa,
650 4893 814 4988 quamvis
828 4892 905 4986 ipsa
921 4916 1066 4986 quoque
1091 4892 1268 4962 adfuturi
1291 4904 1430 4982 tempo·
1562 4933 1565 4942 ·

968 630 972 638 ·
1010 583 1138 658 PlllL.
1172 580 1287 654 MEL.
1320 579 1522 655 SCRIPTA
1556 576 1893 651 PlllLOLOGlCA.

2397 572 2479 657 100¹

1580 747 1716 845 τίτυφε
1731 774 1750 817 a
1768 745 1931 844 τίτυφα,
1958 771 2029 816 una
2044 747 2146 817 litera
2165 762 2315 821 mutata.

1581 850 1684 921 Duae
1702 863 1786 922 sunt
1801 849 2015 941 imperativo
2031 873 2205 941 personae
2228 865 2392 936 tantum,
2417 877 2471 925 se·

1480 953 1596 1024 cunda
1611 976 1652 1021 ac
1667 954 1792 1034 tertia,
1817 951 1967 1044 perinde
1983 964 2023 1022 ut
2038 951 2190 1023 Latinis.

1580 1047 1776 1147 τύπτοιμι,
1819 1052 2012 1145 optativus.
2069 1053 2266 1125 Peculimis
2290 1056 2470 1153 autem⁸⁶)

1479 1151 1564 1226 huic
1580 1153 1764 1225 character
1780 1150 1932 1225 et‘notio
1949 1167 2001 1225 est
2017 1181 2050 1227 οι
2063 1152 2319 1248 diphthongus.
2377 1156 2470 1227 llam

1479 1280 1555 1326 non
1571 1257 1766 1348 vulgariter
1781 1256 1848 1324 tihi
1864 1260 2089 1327 commendo.
2142 1256 2182 1326 ln
2199 1260 2334 1330 aoristo
2349 1260 2470 1351 primo

1480 1359 1519 1429 in
1541 1384 1581 1432 αι
1597 1359 1744 1442 transit,
1771 1371 1806 1426 et
1821 1358 1966 1427 Aeolios
1987 1359 2025 1426 in
2048 1385 2100 1452 ει,
2130 1373 2171 1429 ιιι
2190 1358 2353 1459 τύψαιμι
2373 1385 2472 1431 com·

1480 1460 1657 1544 maniter,
1683 1456 1867 1555 εῑτύφεια
1881 1460 2037 1531 Aeolica.
2168 1492 2171 1497 ·
2338 1492 2341 1497 ·
2388 1544 2391 1549 .

1582 1559 1649 1635 ἔάν
1666 1558 1807 1634 τύπτω.
1860 1560 1970 1633 Notio
1987 1561 2207 1633 coniunctivi
2221 1575 2292 1648 est,
2315 1562 2471 1653 subseri·

1479 1674 1564 1754 ptae
1578 1665 1753 1735 secundae
1770 1685 1812 1731 ac
1827 1662 1954 1734 tertiae
1970 1686 2145 1756 personae
2158 1686 2223 1756 per
2239 1665 2359 1753 omnia
2377 1677 2471 1735 tem·

1479 1786 1629 1859 pomp,
1656 1779 1697 1835 ut
1709 1757 1869 1857 τύπτῃς,
1893 1766 2026 1859 quippe
2043 1763 2243 1858 ετύπτεις,
2267 1791 2298 1838 ει
2320 1780 2408 1836 vero'
2429 1768 2480 1836 iu·

1478 1867 1659 1959 ptransit.
1710 1863 1902 1936 Caeterum
1917 1880 1952 1936 et
1969 1864 2175 1939 huiusmodi
2191 1868 2325 1938 aorista
2346 1868 2468 1939 futura

1479 1980 1581 2051 sunt,
1606 1992 1682 2053 non
1697 1967 1903 2060 praeterita.

1578 2064 1743 2143 τύπτειν.
1803 2066 1975 2140 lnfinitivi
2007 2066 2184 2170 ἐγκλίσεις
2217 2071 2338 2142 variae
2374 2078 2469 2145 sunt.

1478 2167 1554 2240 Scis
1590 2171 1708 2254 enim,
1751 2170 1839 2264 quid
1873 2173 2012 2242 soleant
2043 2172 2288 2257 circumflexa,
2331 2187 2368 2244 et
2398 2198 2469 2266 pro

1477 2265 1610 2364 βοάειν
1629 2271 1752 2367 βοᾶν,
1786 2273 1973 2361 uaccam,
2006 2279 2162 2367 κισσᾶν,
2187 2269 2290 2363 ζάειν
2310 2272 2401 2368 ζᾶν,
2415 2304 2418 2313 ·
2433 2288 2470 2345 et

1477 2395 1546 2462 pro
1569 2369 1639 2460 ζᾶν
1662 2370 1751 2467 ζῆν,
1794 2372 1831 2442 id
1852 2388 1924 2457 est,
1962 2378 2102 2460 vivere,
2123 2389 2171 2446 'et
2192 2379 2289 2469 apud
2312 2373 2468 2448 Theocr.

1478 2496 1546 2564 pro
1562 2470 1723 2570 συρίζειν
1740 2473 2075 2576 legitur-uvps'odes‘.

1543 2596 1546 2600 ’
1579 2575 1644 2649 Est
1660 2590 1694 2646 et
1717 2576 1824 2646 activi
1836 2576 2097 2672 Aparemphati
2113 2579 2321 2649 terminatio
2338 2602 2468 2672 μενοι,

1479 2688 1520 2744 ul
1533 2679 1757 2772 τυπτὲμεναι
1770 2703 1838 2770 pro
1853 2679 2017 2772 τύπτειν,
2043 2693 2079 2750 et
2093 2679 2255 2750 abscisim
2272 2677 2472 2773 τυπτέμεν,

1479 2777 1517 2847 id
1540 2783 1638 2873 quod
1663 2783 1756 2872 apud
1779 2780 2205 2875 Homerumfrequenter
2227 2780 2382 2862 videbis;
2416 2793 2473 2851 est

1480 2881 1576 2951 enim
1592 2879 1711 2954 lonico
1727 2877 1941 2973 proprietas,
1962 2874 2003 2954 ut
2015 2880 2144 2977 Odyss.
2157 2881 2186 2954 Ι.
2203 2880 2274 2982 [vs.
2284 2880 2361 2953 370
2375 2878 2469 2980 sq.]:

1532 2979 1609 3056 insi
1621 2979 1708 3057 τόδε
1720 2979 1838 3055 καλὸν
1849 2980 2038 3078 ἀκουέμεν
2047 2983 2149 3057 ’ἐστίν
2164 2980 2302 3057 ἀοιδοῦ

1530 3080 1690 3176 τοιοῦδ’,
1712 3077 1790 3167 οἶος
1804 3079 1864 3158 ὅδ’
1885 3082 1978 3176 ἐστὶ,
1993 3085 2098 3168 θεοῖς
2114 3081 2320 3186 ἐναλίγκιος
2333 3080 2468 3179 αὐδήν.

1480 3185 1504 3256 i.
1522 3210 1553 3258 e.
1568 3186 1767 3259 Honestum
1793 3199 1846 3256 est
1870 3189 2197 3258 audire'c'autorem
2214 3189 2343 3270 talem,
2380 3210 2470 3280 qua·

1480 3288 1524 3359 lis
1546 3283 1605 3359 hic
1627 3301 1680 3361 est
1702 3284 1828 3361 similis
1844 3286 1953 3362 Diis.
1974 3286 2158 3386 ἀκουέμεν
2180 3290 2226 3360 ab
2247 3285 2470 3384 ἀκουέμεναι

1480 3414 1548 3482 pro
1570 3388 1743 3481 ἀκούειν,
1774 3403 1825 3461 ut
1839 3389 1995 3485 ἔμμεναι
2015 3417 2083 3485 pro
2107 3388 2222 3486 siras,
2254 3394 2316 3464 sed
2339 3393 2383 3460 de
2398 3385 2470 3460 boe

1481 3493 1586 3564 infra.
1940 3509 1943 3514 ’
2420 3509 2423 3514 ‘

1581 3592 1762 3663 Hactenus
1779 3588 1948 3666 diathesis
1964 3620 2022 3686 το,
2055 3620 2125 3691 qua
2148 3595 2268 3666 flectes
2290 3593 2405 3664 activa
2434 3606 2472 3664 et

1481 3706 1629 3778 neutra,
1661 3716 1857 3784 puerorum
1881 3719 1986 3768 causa
2010 3697 2129 3773 statim
2155 3710 2190 3766 et
2212 3697 2257 3767 iis'
2278 3694 2471 3789 participia

1482 3796 1661 3868 adiiciam.
1974 3813 1976 3818 ’
2031 3887 2034 3892 ι
2067 3867 2069 3872 ,
2175 3850 2178 3854 ψ
2288 3833 2310 3864 .·
2368 3865 2373 3874 ,

1584 3897 1877 3970 Terminationes
1891 3898 1999 3970 activi
2013 3897 2194 3991 participii
2208 3912 2292 3970 sunt
2306 3923 2361 3975 αν
2367 3949 2380 3986 ,
2405 3901 2482 3993 ως,

1481 4025 1537 4086 ας,
1602 3998 1727 4070 Solum
1758 4001 1991 4092 praeteritum
2019 4002 2214 4092 perfectum
2238 4001 2470 4096 participium

1482 4113 1633 4193 augetur
1647 4100 1745 4171 iuxta
1760 4103 1861 4172 verbi
1876 4103 1933 4173 sui
1947 4115 2192 4193 augmentum.
2247 4101 2402 4198 Reliqua
2428 4097 2472 4175 ut
2546 4137 2556 4145 ·

1482 4203 1613 4274 aorista
1629 4226 1859 4297 nequaquam
1874 4218 2062 4295 augentur.

1765 4292 1785 4365 ὅ
1797 4298 1935 4366 τύπτειν
1976 4299 2037 4368 τοῦ
2048 4301 2233 4374 τύπτοντος
2246 4301 2347 4385 q'uiut.¹
2358 4302 2469 4386 simpl.

1501 4402 1593 4466 Part.
1615 4421 1725 4485 praes.
1764 4393 2040 4488 ἧτύπτουσατῆς
2052 4402 2316 4487 τυπτούσρςεεο.
2330 4406 2441 4487 simpl.

1575 4565 1578 4574 ,
1711 4545 1715 4556 =
1762 4502 1803 4569 sd
1813 4502 1942 4569 τύπτον
1979 4504 2040 4571 τού
2050 4503 2234 4578 πίπτοντος
2247 4506 2350 4589 quint.
2362 4507 2471 4590 simpl.

1721 4665 1724 4669 .
1763 4598 1781 4670 ὃ
1796 4604 1949 4690 ramosis
1981 4607 2042 4673 τοῦ
2054 4606 2235 4691 sumpisse
2243 4609 2347 4691 quint.
2361 4610 2471 4691 simpl.

1760 4700 1780 4797 ἢ
1793 4710 1957 4793 scrupula
1984 4708 2041 4794 τῆς
2051 4710 2232 4794 serupulus
2242 4729 2311 4775 sec.
2324 4712 2431 4793 simpl.

1758 4808 1952 4894 τότετυφός
1979 4809 2234 4895 τοῦταυφίτος
2247 4814 2470 4895 quincei-pt.

1762 4903 1914 5000 δτύιμαν
1980 4912 2042 4977 τού
2054 4912 2225 5000 τύψοντος
2239 4925 2308 4999 qut.
2317 4916 2468 4996 simpl.⁴⁸)

1482 4706 1571 4774 Part.
1582 4681 1665 4792 pers.
1672 4709 1720 4794 ⁴⁸)

443 5004 495 5075 ris
511 5021 654 5071 sensum
671 4995 887 5086 pertineant.
923 4986 1110 5091 ἀνεῷχθαι
1124 4988 1150 5089 ἡ
1163 4986 1278 5088 πύλη,
1304 5005 1430 5085 aperta
1480 5013 1743 5097 pampro)
1760 5004 1950 5100 pw‘qmw
1977 5015 2034 5099 ,ἧς
2046 5014 2221 5101 worm
2232 5034 2301 5082 Μ
2316 5016 2425 5097 ,impp

444 5106 491 5179 sit
512 5111 638 5196 porta,
670 5096 813 5167 videtur
837 5097 1035 5189 imperare,
1073 5107 1115 5165 ut
1137 5096 1176 5164 iu
1198 5097 1321 5166 futuro
1340 5110 1430 5167 tem-

444 5230 533 5302 pore
547 5205 593 5277 sit
608 5198 862 5298 praeteritum,
889 5211 929 5269 ut
942 5202 972 5270 si
987 5201 1124 5284 dicam,
1150 5198 1252 5290 aperi
1266 5222 1362 5270 nunc
1378 5199 1430 5269 ia-

444 5334 577 5393 nuam,
600 5318 642 5377 ut
657 5303 812 5375 crastino
830 5304 877 5373 sit
893 5315 1029 5393 aperta.
1080 5301 1177 5371 llaec
1192 5302 1264 5372 ille.

479 5544 529 5605 ⁴⁸)
546 5539 694 5627 πξψκῦ,
717 5533 900 5607 ἔπεπρᾶχειν]
919 5537 969 5592 Ed.
986 5536 1062 5593 1588.
1080 5537 1167 5590 males
1189 5532 1341 5605 πίφριιχα,
1363 5532 1430 5591 λω-

479 5625 1429 5824 lam...

1760 5111 1800 5180 τὸ
1810 5114 1923 5201 τύψον
1978 5115 2038 5182 τοῦ
2050 5116 2221 5202 τύψοντος
2233 5120 2334 5200 quint.
2348 5118 2455 5199 simpl.

1481 5246 1685 5256 mm-

1477 5269 1481 5277 l

1514 5305 1564 5363 tt)
1582 5300 1686 5369 auten]
1705 5302 1733 5353 in
1750 5301 1836 5352 ullu.
1850 5300 2039 5353 tote-lost.
2057 5303 2145 5353 deest.

1516 5387 1565 5457 td)
1583 5390 1682 5451 Pers.)
1693 5388 1735 5440 sto
1751 5388 1840 5438 latine
1858 5387 1976 5453 scrtpsl,
1994 5392 2026 5439 ot
2041 5390 2093 5440 hoc
2109 5400 2210 5440 nomen
2232 5388 2412 5453 praecedenti
2437 5392 2469 5441 et

1549 5456 1728 5522 sumqueutl
1742 5457 1792 5508 lat.
1811 5460 1961 5521 οοιιςτοκλς
1983 5457 2068 5508 nutu
2085 5459 2185 5510 tabent
2196 5468 2342 5523 graeoum
2361 5471 2467 5540 napos.

1515 5537 1741 5676 salmias.
1760 5612 1784 5660 1.
1802 5609 1844 5671 κ]
1867 5610 1953 5662 usto.
1974 5611 2165 5664 ιεικ-ιειι.
2191 5614 2252 5665 mc
2272 5611 2369 5678 prm,
2392 5625 2469 5678 sse.;

1549 5678 1636 5732 uuo.
1652 5678 1727 5733 M.
1744 5691 1820 5744 τοοκ
1837 5679 1913 5731 Part.
1929 5678 2007 5746 μέλλ.
2026 5678 2078 5748 α’.,
2098 5685 2124 5749 ρ.

1515 5761 1565 5831 48)
1582 5759 1687 5831 simpl]
1705 5765 1729 5817 t.
1749 5766 1769 5818 1.
1788 5765 1817 5816 st
1832 5765 1863 5817 tn
1880 5766 2006 5834 sutseqq.
2023 5770 2059 5821 st
2077 5766 2263 5835 Νομία,
2282 5768 2357 5819 1Μ1.
2375 5767 2467 5817 abest.
