5534 6700
303 613 375 687 tot
963 611 1083 685 XCIX.
1134 606 1402 685 autumna
1434 606 1674 681 PUERlLlA.
2256 606 2332 683 402

302 786 583 857 commodantes.
634 784 689 858 Ne
709 784 786 857 sitis
810 797 1018 875 arrogantes
1039 786 1135 875 apud
1153 794 1291 855 vosmet
1342 804 1398 853 ea.
1463 778 1548 853 Non
1579 780 1623 849 de
1657 776 1825 849 omnibus
1849 776 1953 847 vobis
1974 777 2125 871 loquor,
2157 802 2223 869 ego
2245 776 2333 864 scio,

300 887 419 979 ipsos,
443 912 561 981 neque
578 887 745 983 cuiquam
764 888 898 957 malum
917 911 984 978 pro
1008 887 1104 955 malo
1121 886 1290 955 reddatis.
1343 907 1433 977 quos
1466 881 1652 973 elegerim
1698 882 1759 951 sed
1792 892 1832 950 ut
1862 878 2102 969 adimpleatur
2134 879 2331 972 scriptura:

300 988 457 1060 Provide
488 1001 654 1080 parentes
682 986 830 1060 honesta
855 991 893 1057 in
915 1002 1108 1080 conspectu
1127 990 1288 1059 omnium
1342 985 1417 1078 Qui
1439 985 1512 1054 edit
1534 1009 1675 1054 mecum
1697 1007 1849 1075 panem,
1889 981 2033 1053 sustulit
2057 984 2246 1053 adversum
2273 1006 2331 1052 me

300 1088 511 1175 bominum,
537 1094 567 1163 si
584 1091 662 1161 lieri
679 1103 814 1182 potest,
840 1104 1015 1185 quantum
1041 1091 1079 1159 in
1100 1092 1202 1162 vobis
1227 1102 1291 1173 est,
1343 1088 1548 1158 calcaneum
1574 1112 1698 1169 suum,
1732 1109 1828 1156 nunc
1850 1084 1931 1155 dico
1961 1084 2082 1167 vobis,
2120 1084 2330 1179 priusquam

300 1220 381 1263 cum
409 1193 576 1265 omnibus
599 1190 806 1265 bominibus
832 1193 869 1263 in
893 1219 978 1285 pace
1001 1194 1180 1275 viventes,
1215 1216 1290 1261 non
1341 1192 1424 1272 liat,
1449 1203 1508 1274 ut,
1532 1214 1612 1259 cum
1633 1188 1909 1271 lactumsuerit,
1942 1187 2113 1270 credatis,
2142 1189 2240 1281 quod
2264 1212 2330 1280 ego

300 1309 439 1367 vosmet
454 1296 550 1387 ipsos
565 1296 773 1367 ulciscentes
788 1297 928 1379 dilecti,
954 1296 1042 1390 quin
1066 1296 1184 1387 potius
1208 1298 1290 1365 date
1340 1316 1434 1363 siim.
1481 1294 1598 1363 Amen
1615 1315 1720 1385 amen
1736 1290 1815 1359 dico
1831 1289 1944 1371 vobis,
1973 1291 2034 1382 qni
2048 1290 2186 1381 recipit,
2208 1315 2332 1384 quem-

299 1400 418 1469 locum
433 1398 520 1469 irae.
571 1399 752 1490 Scriptum
770 1412 823 1470 est
836 1402 949 1469 enim:
978 1394 1069 1467 Mihi
1086 1399 1197 1481 ultio,
1224 1420 1289 1488 ego
1342 1418 1483 1489 cunque
1499 1395 1651 1476 misero,
1675 1419 1733 1461 me
1751 1393 1889 1484 recipit.
1942 1391 2015 1484 Qui
2032 1394 2331 1463 antemmereci-

301 1501 518 1593 rependam,
552 1501 640 1571 dicit
653 1498 843 1573 Dominus.
896 1499 933 1570 Si
957 1500 1066 1593 igitur
1088 1502 1200 1572 esurit
1223 1498 1289 1569 ini·
1342 1496 1413 1588 pit,
1440 1497 1567 1587 recipit
1581 1520 1685 1578 eum,
1712 1496 1774 1589 qui
1791 1519 1847 1563 me
1864 1494 1972 1564 misit.
2011 1494 2101 1563 Cum
2120 1491 2331 1568 baecdixis·

301 1604 413 1674 micus
435 1596 537 1684 luus,
564 1627 669 1695 pasce
694 1604 812 1684 illum;
847 1604 877 1674 si
902 1603 996 1687 sitit,
1022 1605 1066 1672 da
1084 1604 1134 1671 illi
1151 1616 1290 1695 potum.
1342 1613 1397 1670 set
1424 1598 1541 1683 lesus,
1589 1599 1754 1668 turbatus
1786 1609 1838 1667 est
1864 1596 1991 1688 spiritu
2025 1610 2060 1665 et
2092 1610 2240 1670 testatus
2267 1613 2332 1683 est,

300 1705 377 1773 Hoc
403 1706 497 1773 enim
519 1703 550 1775 si
571 1707 716 1789 leceris,
741 1708 924 1789 ‚carbones
949 1707 1042 1796 ignis
1064 1704 1290 1775 coacervabis
1342 1701 1521 1795 dixitque:
1553 1702 1669 1772 Amen
1684 1723 1788 1768 amen
1807 1700 1887 1767 dico
1904 1699 2024 1781 vobis,
2051 1703 2148 1792 quud
2174 1726 2265 1772 unus
2288 1726 2332 1771 ex

300 1809 338 1875 in
363 1820 469 1898 caput
492 1807 598 1878 illius.
666 1808 719 1879 Ne
746 1809 900 1879 vincaris
924 1810 1041 1891 malo,
1084 1809 1156 1877 imo
1190 1808 1290 1875 vince
1342 1805 1445 1875 vobis
1456 1804 1667 1896 proditurus
1681 1817 1733 1874 est
1747 1826 1816 1872 me.
1867 1800 2095 1893 Aspiciebant
2112 1827 2195 1894 ergo
2218 1829 2254 1875 se
2276 1805 2332 1873 in·

299 1913 397 1979 bono
420 1911 566 1979 malum.
797 1925 801 1933 '
1341 1906 1456 1977 vicem
1473 1906 1660 1998 discipuli,
1685 1901 1901 1976 haesitantes
1916 1907 1959 1973 de
1975 1927 2047 1998 quo
2065 1904 2209 1976 diceret.
2243 1904 2333 1977 Erat

1342 2023 1461 2078 autem
1483 2034 1577 2079 unm
1592 2033 1635 2077 ex
1656 2007 1838 2099 discipulis
1854 2004 1933 2077 lesu
1955 2008 2165 2078 recumbens
2189 2007 2227 2076 in
2251 2008 2332 2080 sinu

1343 2112 1472 2202 ipsius,
1498 2111 1669 2179 nimirum
1688 2111 1737 2192 is,
1762 2134 1867 2203 quem
1890 2110 2059 2200 diligebat
2073 2106 2187 2189 lesus:
2214 2111 2334 2182 innuit

1343 2239 1428 2304 ergo
1456 2208 1540 2283 huic
1561 2213 1688 2282 Simon
1715 2212 1861 2295 Petrus,
1894 2225 1934 2280 ut
1955 2212 2211 2297 sciscitaretur,
2253 2215 2333 2308 quis

402 2320 495 2387 Ante
528 2320 656 2389 festum
692 2332 809 2387 autem
848 2314 999 2409 paschae
1033 2319 1148 2391 sciens
1182 2317 1291 2403 lesus,
1343 2329 1453 2397 esset,
1480 2319 1612 2409 dequo
1629 2316 1849 2408 loqueretur.
1901 2312 2024 2408 ltaque
2047 2339 2126 2385 cum
2152 2317 2333 2389 recubuis-

300 2421 399 2513 quod
422 2420 576 2490 venisset
596 2415 686 2488 bora
709 2420 840 2511 ipsius,
879 2434 919 2488 nt
944 2421 1114 2505 transiret
1147 2445 1190 2491 ex
1222 2417 1291 2491 boc
1342 2419 1731 2508 setillesuperpectns
1749 2417 1846 2499 lesu,
1874 2417 1960 2486 dicit
1974 2418 2026 2485 ei:
2053 2416 2230 2502 Domine,
2255 2421 2336 2513 quis

299 2522 437 2591 mundo
454 2524 500 2591 ad
513 2534 667 2613 patrem,
695 2547 775 2591 cum
790 2522 970 2593 dilexisset
987 2546 1083 2604 suos,
1110 2524 1292 2616 quierant
1343 2517 1422 2589 est?
1458 2519 1658 2609 Respondit
1671 2516 1785 2589 lesus:
1813 2517 1959 2601 llleest,
1986 2521 2042 2589 cui
2061 2544 2126 2612 ego
2141 2522 2331 2593 intinctum

299 2623 339 2691 in
358 2626 512 2704 mundo,
537 2647 652 2715 ,usque
667 2627 711 2691 ad
726 2625 832 2693 linem
850 2623 976 2694 dilexit
995 2649 1067 2695 eos.
1117 2624 1164 2693 Et
1180 2648 1290 2695 coena
1343 2634 1474 2713 panem
1499 2644 1705 2711 porrexero.
1772 2620 1817 2689 lit
1848 2644 1926 2688 cum
1958 2622 2157 2693 intinxisset
2187 2648 2333 2716 panem,

298 2727 413 2808 lacta,
439 2741 518 2793 cum
535 2724 700 2796 diabolus
724 2725 795 2793 iam
820 2726 1023 2798 immisisset
1045 2726 1082 2795 in
1107 2724 1292 2811 corludae
1343 2725 1444 2793 dedit
1460 2722 1569 2792 ludae
1587 2723 1746 2794 Simonis
1764 2720 1966 2809 iscariotae.
2018 2723 2064 2792 Et
2081 2740 2162 2816 post
2185 2727 2332 2795 ollulam

300 2827 458 2897 Simonis
473 2826 675 2911 iscariotae,
702 2840 742 2896 ut
758 2831 929 2918 proderet
941 2853 1036 2912 euna,
1062 2830 1176 2917 sciens
1185 2827 1292 2915 lesus,
1344 2826 1522 2917 ingressus
1538 2826 1643 2897 estin
1667 2850 1746 2895 eum
1771 2838 1924 2897 satanas.
1976 2824 2073 2895 Dicit
2095 2828 2204 2917 igitur
2227 2829 2259 2896 ei
2283 2827 2333 2900 le·

301 2930 398 3023 quod
410 2930 530 2998 onmia
541 2928 695 2999 dedisset
709 2929 775 2999 sibi
793 2942 896 3020 pater
910 2931 949 2999 in
964 2954 1105 3015 manus,
1120 2934 1292 3026 etquods
1343 2954 1420 2999 sus:
1456 2929 1562 3020 Quod
1586 2928 1694 3011 lacis,
1726 2930 1783 2996 lac
1808 2928 1921 2998 citius.
1980 2926 2058 2997 Hoc
2082 2943 2201 2999 autem
2224 2954 2332 3002 nemo

301 3030 380 3100 Deo
398 3032 543 3113 exisset,
578 3044 613 3100 et
631 3034 675 3101 ad
691 3028 805 3101 Deum
834 3033 921 3115 iret,
947 3033 1101 3123 surgita
1130 3058 1241 3105 coena
1258 3046 1294 3103 et
1344 3030 1566 3121 intelligebat
1589 3031 1886 3101 discumbentium
1901 3028 1968 3125 Ι’),
2011 3034 2056 3101 ad
2079 3033 2166 3125 quid
2191 3032 2335 3105 dixisset

300 3134 404 3226 ponit
420 3135 644 3217 vestimenta,
660 3130 696 3203 e't
711 3158 790 3202 cusia
808 3128 999 3226 accepisset
1009 3136 1172 3221 linteum,
1190 3159 1293 3228 prae·
1344 3134 1389 3204 ei.
1441 3133 1599 3226 Quidam
1616 3133 1711 3201 enim
1730 3134 1923 3224 putabant,
1958 3132 2041 3224 quia
2064 3134 2200 3207 loculos
2225 3131 2334 3207 babe-

302 3236 412 3327 cinxit
425 3262 474 3307 se.
516 3235 655 3305 Deinde
673 3235 769 3305 rnisit
783 3262 912 3329 aquam
931 3237 968 3308 in
983 3238 1135 3329 pelvim,
1161 3251 1198 3309 et
1214 3263 1294 3309 coe-
1343 3237 1407 3305 bat
1422 3232 1545 3318 ludas,
1573 3239 1671 3329 quod
1693 3236 1838 3305 dixisset
1860 3236 1892 3304 ei
1911 3233 2023 3306 lesus:
2052 3261 2130 3307 eme
2153 3262 2213 3323 ea,
2241 3264 2334 3333 quae

302 3339 354 3432 pit
368 3340 491 3408 lavare
501 3341 614 3432 pedes
631 3338 903 3432 ¹discipulorum,
925 3353 960 3410 et
975 3355 1154 3431 extergere
1168 3342 1293 3426 linteo,
1345 3364 1437 3432 opus
1458 3352 1547 3410 sunt‘
1560 3340 1666 3411 nobis
1686 3342 1732 3408 ad
1755 3338 1849 3408 diem
1872 3340 2022 3420 festum,
2065 3356 2127 3411 aut
2149 3342 2269 3432 egenis
2295 3357 2335 3412 ut

301 3467 374 3535 quo
402 3455 479 3512 erat
502 3443 737 3534 praecinctus.
801 3439 909 3512 Venit
931 3467 1016 3534 ergo
1040 3447 1084 3512 ad
1108 3443 1291 3514 Simonem
1346 3441 1482 3534 aliquid
1511 3444 1624 3512 daret.
1691 3441 1782 3511 Cum
1810 3465 1896 3532 ergo
1925 3441 2068 3525 exisset,
2108 3443 2332 3538 dixitllesus:

301 3543 463 3636 Petrum.
512 3543 560 3614 Et
580 3546 667 3614 dicit
690 3544 722 3613 ei
749 3543 891 3616 Petrus:
928 3545 1105 3631 Domine,
1138 3561 1176 3618 tu
1204 3543 1292 3616 mibi
1344 3543 1450 3616 Nunc
1466 3543 1682 3636 glorificatus
1699 3557 1750 3613 est
1772 3544 1865 3613 filius
1887 3540 2062 3626 bominis,
2087 3559 2122 3614 et
2137 3543 2234 3616 Deus
2259 3547 2334 3638 glo-

299 3647 399 3738 lavas¹
416 3644 547 3739 pedes?
595 3646 797 3738 Respondit
811 3643 928 3732 lesus,
949 3661 985 3718 et
1002 3648 1093 3718 dixit
1107 3649 1156 3719 ei:
1185 3649 1291 3741 Quod
1344 3647 1570 3717 riticatusest
1585 3668 1649 3736 per
1665 3668 1759 3715 eum.
1810 3644 1848 3715 Si
1859 3644 1955 3715 Deus
1971 3647 2186 3737 glorificatus
2202 3662 2254 3719 est
2271 3673 2336 3741 per

301 3773 367 3842 ego
393 3749 506 3834 iasio,
548 3761 587 3820 tu
611 3750 724 3820 nescis
746 3773 862 3832 nunc,
901 3750 989 3821 scies
1011 3764 1129 3824 autern
1158 3765 1293 3844 postea.
1343 3773 1449 3829 eum,
1476 3760 1512 3816 et
1527 3746 1625 3818 Deus
1638 3745 1956 3838 glorificabit‘eum
1981 3772 2126 3842 perse,
2160 3765 2195 3821 et
2221 3753 2335 3822 conti·

300 3851 398 3920 Dicit
413 3852 602 3922 eiPetrns:
631 3853 714 3924 Non
729 3851 870 3922 lavabis
886 3877 985 3925 meos
999 3856 1106 3944 pedes
1125 3853 1164 3922 in
1180 3865 1293 3923 aeter·
1344 3874 1419 3920 nuo
1444 3850 1656 3940 glorificabit
1676 3874 1770 3922 eum.
1836 3851 1979 3935 Filioli,
2018 3848 2135 3923 adbuc
2155 3855 2336 3947 paulisper

301 3978 405 4030 ιιιιιιι.Ι
441 3953 642 4044 Respondit
661 3956 693 4024 ei
709 3951 822 4024 lesus:
850 3953 889 4024 Si
905 3979 980 4025 non
994 3955 1118 4025 lavero
1137 3968 1193 4038 te,
1219 3980 1293 4027 non
1345 3952 1530 4023 vobiscum
1554 3977 1646 4024 sum.
1699 3953 1965 4051 Quaeretis¹⁰¹)
1983 3981 2058 4039 me,
2092 3970 2127 4025 et
2148 3958 2238 4027 sicut
2262 3959 2334 4027 dixi

301 4054 412 4125 babes
433 4070 572 4148 partem
597 4081 748 4127 mecum.
814 4055 912 4126 Dicit
940 4059 973 4126 ei
998 4058 1123 4128 Simon
1147 4057 1292 4130 Petrus:
1345 4054 1507 4138 ludaeis,
1529 4081 1603 4150 quo
1627 4080 1693 4148 ego
1711 4061 1823 4139 vado,
1850 4083 1915 4128 vos
1933 4082 2007 4126 non
2030 4061 2177 4149 potestis
2200 4061 2335 4144 venire,

300 4157 479 4244 Domine,
504 4182 581 4227 non
597 4172 736 4230 tantum
751 4161 860 4250 pedes
880 4185 1001 4245 meos,
1026 4163 1088 4231 sed
1110 4172 1146 4232 et
1164 4185 1295 4234 manus
1346 4159 1396 4227 ita
1421 4171 1456 4226 et
1476 4158 1577 4229 vobis
1599 4160 1679 4229 dico
1700 4183 1808 4230 nunc.
1865 4160 2102 4252 Praeceptum
2122 4186 2257 4231 novum
2286 4164 2333 4232 do

301 4273 470 4354 etcaput.
521 4259 618 4331 Dicit
632 4261 664 4330 ei
679 4259 790 4332 lesus:
818 4263 892 4356 Qui
906 4262 1001 4336 lotus
1015 4276 1087 4348 est,
1112 4288 1188 4333 non
1205 4289 1296 4356 opus
1346 4261 1469 4342 vobis,
1503 4273 1542 4330 ut
1564 4261 1720 4353 diligatis
1736 4262 1912 4347 invicem,
1944 4262 2036 4334 sicut
2056 4264 2163 4333 dilexi
2188 4288 2270 4351 vos,
2296 4279 2337 4336 ut

299 4359 433 4448 habet,
458 4362 528 4434 nisi
543 4375 583 4434 ut
600 4367 708 4456 pedes
722 4366 839 4448 lavet,
873 4366 1295 4438 sedestmundustotus.
1347 4377 1382 4434 et
1416 4389 1481 4433 vos
1514 4363 1671 4455 diligatis
1704 4365 1870 4436 invicem.
1943 4361 1984 4434 ln
2015 4361 2086 4436 boc
2121 4377 2338 4459 cognoscent

299 4464 349 4536 Et
389 4490 453 4535 vos
479 4466 604 4536 mundi
635 4467 737 4552 estis,
777 4470 937 4538 sednon
962 4495 1098 4542 omnes.
1154 4467 1297 4540 Sciebat
1348 4491 1495 4548 omnes,
1527 4470 1625 4560 quod
1648 4469 1813 4562 discipuli
1837 4468 1908 4538 mei
1930 4467 2027 4552 sitis,
2060 4469 2094 4540 si
2124 4467 2336 4541 charitatem

300 4567 420 4650 enim,
446 4567 610 4661 quisnam
629 4584 738 4654 esset,
762 4570 824 4666 qui
838 4573 1008 4672 proderet
1023 4597 1078 4653 se;
1104 4585 1293 4666 propterea
1348 4567 1545 4640 habueritis
1557 4569 1653 4640 inter
1668 4583 1735 4643 vos'
1748 4587 1923 4644 mutuam.
1973 4569 2071 4643 Dicit
2085 4573 2119 4643 ei
2135 4575 2259 4646 Simon
2269 4574 2337 4644 Pe-

299 4670 410 4741 dixit:
438 4669 521 4740 Non
541 4673 623 4743 estis
649 4675 776 4744 mundi
803 4698 939 4744 omnes.
990 4675 1187 4769 Postquam
1210 4699 1296 4768 ergo
1349 4687 1443 4744 trus:
1478 4669 1656 4758 Domine,
1682 4700 1755 4768 quo
1778 4673 1904 4747 vadis?
1954 4673 2155 4768 Respondit
2178 4675 2337 4749 eilesus:

300 4774 448 4843 lavisset
472 4775 581 4865 pedes
607 4799 757 4860 eorum,
795 4777 1020 4872 receptisque
1042 4778 1197 4848 vestibus
1223 4777 1297 4850 suis
1348 4775 1432 4869 Quo
1451 4799 1517 4864 ego
1535 4779 1649 4857 vado,
1675 4801 1750 4846 non
1765 4792 1868 4870 potes
1881 4801 1939 4848 me
1953 4803 2050 4848 nunc
2068 4782 2186 4874 sequi,
2213 4806 2338 4875 seque·

300 4875 543 4962 accubuisset,
575 4877 706 4949 iterum
728 4877 818 4948 dixit
838 4881 905 4950 eis:
940 4879 1063 4966 Scitis,
1097 4880 1184 4975 quid
1208 4881 1296 4950 lece·
1349 4879 1398 4949 ris
1431 4889 1550 4950 autem
1582 4891 1720 4970 postea.
1793 4879 1892 4951 Dicit
1918 4883 1952 4952 ei
1979 4881 2125 4954 Petrus:
2167 4881 2338 4970 Domine,

301 4976 374 5048 rim
398 4980 513 5050 vobis.
573 4979 648 5051 Vos
668 4981 804 5052 vocatis
822 5008 879 5053 me
898 4982 1106 5074 magistrum
1124 5008 1164 5053 ac
1181 4983 1296 5054 domi·
1349 5003 1461 5074 quare
1493 5003 1569 5050 non
1603 5006 1746 5074 possum
1775 4997 1810 5056 te
1840 4986 1942 5078 sequi
1973 4984 2094 5056 nunc?
2165 4987 2337 5064 Animam

301 5104 413 5164 num,
440 5095 475 5150 et
490 5084 582 5151 bene
600 5083 737 5169 dicitis,
763 5109 842 5155 sum
860 5085 1005 5156 etenim.
1057 5085 1094 5156 Si
1121 5111 1207 5176 ergo
1231 5110 1296 5178 ego
1349 5109 1466 5153 meam
1492 5108 1559 5175 pro
1578 5097 1612 5154 te
1630 5111 1778 5177 ponam.
1828 5086 2030 5180 Respondit
2054 5087 2215 5162 eilesus:
2250 5092 2338 5162 ani-

301 5183 377 5253 lavi
394 5187 500 5275 pedes
521 5198 656 5256 vestros
673 5187 841 5258 dominus
857 5201 892 5258 et
907 5188 1095 5278 magister,
1128 5214 1192 5260 vos
1208 5216 1297 5283 quo·
1349 5212 1447 5256 mam
1473 5198 1573 5256 tuam
1603 5213 1670 5280 pro
1701 5216 1759 5260 me
1783 5190 1921 5283 pones?
1984 5190 2101 5262 Amen
2126 5219 2234 5264 amen
2257 5195 2338 5266 dico

303 5309 376 5381 que
405 5288 543 5357 debetis
576 5288 730 5358 invicem
760 5291 822 5359 alii
854 5292 1007 5361 aliorum
1029 5291 1151 5361 lavare
1178 5296 1296 5384 pedes.
1350 5291 1438 5375 tihi,
1463 5313 1538 5359 non
1554 5305 1658 5362 canet
1671 5294 1804 5384 gallus,
1831 5297 1945 5364 donec
1961 5307 2088 5365 terme
2107 5298 2306 5388 negaveris.

300 5388 520 5481 Exemplum
538 5392 634 5460 enim
658 5395 808 5483 praebui
831 5396 953 5480 vobis,
979 5408 1037 5479 ut,
1063 5397 1298 5490 quemadmo-
1452 5391 1601 5464 Discant
1613 5397 1727 5487 pueri,
1752 5392 1845 5466 nibil
1860 5422 1897 5470 se
1914 5411 2146 5489 promoturos
2159 5401 2197 5470 in
2214 5402 2340 5498 literis,

304 5493 393 5562 dum
412 5517 478 5584 ego
495 5494 563 5562 feci
589 5495 712 5577 vobis,
747 5495 795 5564 ita
822 5509 857 5565 et
881 5523 946 5569 vos
972 5498 1123 5570 faciatis.
1184 5500 1298 5571 Amen
1350 5510 1386 5566 et
1401 5496 1601 5567 infoelicem
1617 5523 1760 5570 omnem
1778 5500 1872 5572 vitae
1896 5526 2037 5572 cursum
2059 5504 2155 5589 lore,
2186 5503 2340 5578 niDeus

305 5619 413 5664 amen
429 5595 511 5665 dico
533 5597 650 5667 vobis:
683 5621 757 5667 non
773 5609 825 5669 est
841 5600 958 5670 maior
973 5602 1122 5671 domino
1138 5627 1203 5673 suo
1225 5626 1298 5673 ser·
1353 5658 1406 5667 ..-
1436 5658 1554 5668 .--.--

349 2166 411 2237 Ex
438 2164 697 2256 Evangelio
722 2162 929 2249 loannis,
974 2164 1123 2257 Caput
1149 2162 1240 2236 Xlll.

306 5723 391 5815 yma
433 5723 550 5818 neque
573 5701 710 5790 ¹²8³l¹¹⁵
737 5701 860 5819 J¹¹f¹l⁰f
889 5716 942 5773 ²⁸¹
969 5727 1033 5788 0⁰2
1073 5705 1135 5800 qui
1167 5704 1299 5796 legavit
1386 5751 1434 5817 so)
1452 5752 1695 5813 somniantium]
1713 5752 1763 5802 aa.
1779 5752 1856 5804 soso.
1875 5755 1936 5817 cys.
1953 5767 2066 5808 emas:
2089 5753 2289 5806 assessorum

308 5825 439 5892 ipsum.
491 5802 528 5874 St
551 5798 639 5873 baec
661 5817 831 5886 novistis,
857 5805 954 5876 beati
968 5805 1071 5891 estis,
1093 5810 1125 5878 si
1145 5807 1299 5880 feceritis
1387 5841 1454 5900 ess)
1471 5835 1635 5906 pomata]
1653 5839 1696 5889 rto
1711 5841 1830 5905 rernm
1854 5841 1905 5892 n
1920 5842 1997 5894 totu
2016 5842 2156 5908 quarm

351 5917 535 5984 mara.
555 5919 661 5985 Oaxo.
687 5920 771 5985 Vos.
793 5921 867 5986 XX.
1726 5911 1777 5985 26
