5534 6700
310 565 438 709 soe}
591 624 652 702 ne
700 624 768 698 nn
791 625 1065 703 mnououn
1089 625 1157 699 nr
1183 618 1537 699 coaousrmue
1562 620 1742 695 canon
1763 622 1809 697 v.
1835 621 2073 701 camams.
2269 626 2351 707 sos

307 804 384 879 eine
401 799 644 891 Imperatore,
671 799 735 871 tati
753 813 913 892 tempore
929 799 1065 871 servari
1081 822 1156 869 non
1172 811 1301 891 potest.
1354 791 1580 883 proximum,
1619 821 1700 866 eum
1729 810 1846 868 essem
1874 799 1919 868 de
1947 795 2104 891 Imperio
2126 799 2351 871 Germanico·

307 904 454 977 Accedit
467 904 566 974 aliud
581 915 794 995 perpetuum
810 903 1097 973 incommodum:
1119 925 1194 972 non
1208 901 1302 994 aspi·
1353 918 1556 980 sermones,
1595 911 1631 967 et
1646 899 1792 992 quidam
1818 900 2106 973 Maximilianum
2132 926 2198 995 per
2224 892 2345 975 indm

308 1010 377 1078 ciet
391 1033 448 1079 res
464 1006 698 1076 Germanicas
712 1029 755 1074 ex
770 1005 989 1099 propinquo.
1042 1003 1165 1099 ltaque
1188 1005 1300 1077 multa
1353 1013 1515 1069 vocasset
1536 1001 1717 1072 cosssfflem
1734 1004 2006 1094 Augustanum,
2036 1004 2240 1096 SlsssslfifflM
2259 1028 2345 1077 ⁶⁰¹¹·

308 1111 460 1194 nesciet,
490 1110 621 1180 multas
646 1108 754 1179 falsas
777 1109 917 1178 fabulas
944 1110 1082 1191 credet,
1115 1107 1229 1178 levius
1250 1108 1301 1174 af·
1352 1099 1477 1190 paucis
1500 1101 1702 1175 civilatibus
1724 1104 1924 1198 imperare,
1960 1107 2098 1177 duriter
2127 1109 2345 1199 increpuisse

307 1214 446 1285 ficietur
461 1212 594 1283 nostris
607 1213 727 1282 rebus.
760 1209 888 1282 Nullos
903 1206 1049 1280 habebit
1064 1235 1184 1280 secum
1201 1208 1300 1300 prin·
1352 1202 1477 1286 illum,
1518 1217 1554 1272 et
1589 1208 1832 1297 respondisse:
1880 1206 1958 1279 lmo
1991 1233 2077 1280 vero
2112 1234 2342 1306 nequaquam

309 1318 403 1408 cipes
419 1315 650 1397 Germaniae,
676 1313 739 1407 qui
756 1338 836 1384 cum
854 1337 897 1382 eo
911 1313 1023 1384 libere
1041 1315 1085 1383 de
1101 1311 1298 1402 Republica
1352 1304 1559 1375 Germanici
1575 1306 1805 1401 lmperatoris
1821 1312 1981 1404 potentia
1997 1317 2257 1383 contemnenda
2277 1326 2345 1399 est,

307 1418 409 1512 loqui
428 1417 578 1510 possint.
630 1415 775 1487 Sedebit
795 1417 1027 1487 circumfusus
1050 1417 1095 1485 ab
1117 1414 1299 1506 llispanis,
1352 1430 1433 1477 culn
1455 1407 1517 1479 ille
1539 1412 1663 1481 consul
1685 1425 1898 1507 tympanum
1920 1415 2058 1506 pulsat,
2091 1428 2167 1485 tota
2188 1415 2343 1487 Prancia

308 1545 463 1614 quorum
491 1522 536 1590 de
559 1519 681 1591 multis
702 1520 809 1591 rebus
838 1518 968 1589 iudicia
993 1531 1028 1587 et
1050 1518 1253 1588 voluntates
1276 1541 1298 1586 a
1351 1509 1485 1581 tremit·
1529 1509 1686 1584 Honeste
1701 1508 1918 1589 Ludovicus.
1961 1517 2088 1590 Noluit
2108 1519 2205 1588 enim
2219 1518 2344 1589 inRe·

308 1623 500 1699 Germanis
529 1621 744 1715 discrepant.
803 1621 925 1691 Mittet
948 1621 1061 1690 edicta
1087 1620 1126 1689 in
1147 1621 1298 1691 Germa-
1350 1636 1436 1703 gum
1461 1613 1685 1687 maiestatem
1708 1618 1806 1689 iocos
1831 1633 1895 1690 aut
1909 1621 2070 1690 convicia
2090 1621 2180 1703 dici;
2213 1623 2277 1693 sed
2291 1634 2345 1691 ta·

307 1727 427 1808 niam,
465 1748 532 1797 nec
562 1725 678 1796 causis
705 1746 771 1795 nec
801 1723 1023 1816 temporibus
1052 1723 1299 1814 congruentia,
1351 1738 1437 1785 men
1461 1715 1553 1785 illud
1576 1719 1685 1789 etiam
1708 1723 1865 1791 ostendit
1889 1747 1927 1793 se
1946 1721 2235 1795 Maximilianum
2256 1748 2344 1818 pro-

308 1853 401 1925 quae
433 1827 730 1922 tranquillitatem
764 1828 1016 1919 perturbatura
1044 1838 1140 1897 sunt.
1200 1825 1297 1898 Num
1350 1829 1433 1910 pler
1462 1817 1632 1891 virtutem
1664 1824 1810 1895 cuilibet
1826 1825 2169 1917 ¹potentissimorum
2201 1826 2342 1918 Regum

307 1928 396 2005 baec
417 1929 645 2001 incommoda
670 1929 761 2001 levia
796 1928 950 1999 ducitis?
1011 1926 1134 2021 Quid?
1165 1929 1196 2001 si
1223 1929 1299 2019 ipse
1349 1942 1475 2012 parem
1508 1923 1650 1996 ducere.
1710 1925 1785 1998 Nec
1808 1932 1900 1997 adeo
1926 1928 2067 1998 videtur
2090 1930 2243 1999 extincta
2268 1953 2344 2001 esse

308 2037 417 2107 etiam
447 2034 611 2105 incensus
634 2031 793 2104 artificiis
815 2031 1020 2126 aliquorum
1044 2030 1164 2101 veniet
1186 2032 1299 2101 iratus
1350 2022 1465 2093 Virtus
1484 2022 1523 2093 5¹¹
1539 2026 1685 2099 famffiss
1701 2029 1847 2113 vestris,
1874 2055 1982 2101 nemo
1997 2044 2036 2102 1¹1
2059 2033 2209 2125 reperiri
2233 2032 2346 2125 9⁰⁸⁸st

308 2136 347 2205 in
373 2136 627 2218 Germaniam,
669 2149 706 2204 et
738 2137 892 2206 adducet
922 2134 1119 2225 Hispanos,
1164 2133 1228 2228 qui
1258 2144 1300 2204 ut
1351 2120 1421 2194 hoc
1433 2127 1576 2218 fastigio
1591 2130 1731 2221 dignus.

308 2239 566 2330 Campaniam,
607 2250 649 2308 ut
669 2238 840 2328 Apuliam
869 2239 964 2307 inter
991 2262 1028 2307 ae
1057 2238 1181 2329 partiti
1203 2249 1300 2319 sunl,
1453 2227 1546 2301 Tres
1563 2246 1647 2303 sunl
1659 2233 1837 2318 familiae,
1862 2234 2059 2321 Bavarlca,
2084 2237 2282 2323 saxonica,
2307 2250 2346 2308 el

309 2342 358 2409 ita
382 2355 520 2412 vestras
540 2341 694 2410 ditiones
717 2342 888 2430 praedam
912 2365 1013 2411 suam
1030 2364 1104 2410 esse
1121 2339 1300 2408 arbitran-
1351 2326 1557 2415 Marchlffl,
1588 2361 1682 2430 quae
1704 2338 1860 2431 quadam
1887 2341 2135 2411 mediocritate
2158 2341 2344 2433 potentiae

308 2441 393 2514 tur?
445 2442 714 2512 Providendum
740 2455 793 2513 est
816 2455 956 2524 autem,
990 2466 1036 2510 ne
1059 2442 1142 2511 talis
1170 2440 1300 2533 aliquis
1352 2434 1583 2503 autoritatem
1606 2438 1644 2505 in
1663 2438 1857 2509 Germania
1873 2442 1965 2512 tueri
1981 2455 2141 2534 possunt.
2193 2442 2241 2513 Et
2260 2456 2345 2514 sunt

310 2568 412 2615 error
429 2545 646 2615 Germaniae
667 2544 869 2614 vastitatem
885 2555 921 2611 et
936 2538 1191 2633 buiclmperio
1209 2543 1300 2612 inte·
1351 2533 1391 2602 in
1416 2530 1472 2605 his
1493 2536 1633 2631 aliquot
1654 2536 1852 2634 principes,
1893 2545 1954 2638 qui
1981 2547 2133 2636 ingeniis
2155 2561 2191 2640 et
2210 2547 2344 2617 virtute

309 2649 419 2716 ritum
438 2647 578 2717 afferat.
615 2646 674 2715 An
690 2646 770 2716 illas
784 2646 963 2716 maiorum
981 2658 1182 2715 vestrorum
1201 2648 1300 2716 sedes
1352 2638 1526 2707 sustinere
1560 2645 1842 2731 magnitudinem
1878 2641 1985 2717 buius
2021 2648 2344 2720 administrationis

310 2749 417 2820 vultis
438 2749 682 2840 Hispanorum
708 2749 867 2819 colonias
887 2747 990 2817 fieri?
1022 2761 1159 2819 vestros
1182 2760 1301 2839 poste·
1354 2753 1502 2833 queunt.
1553 2741 1608 2812 Ex
1624 2740 1679 2816 bis
1695 2745 1847 2839 siquem
1863 2748 2092 2839 elegerimus,
2119 2752 2345 2822 consentien-

309 2876 388 2934 ros,
415 2851 602 2922 asummis
619 2864 719 2920 ortos
735 2846 924 2932 heroibus,
956 2851 1080 2920 venire
1097 2851 1135 2918 in
1150 2852 1301 2922 servitu·
1353 2842 1448 2911 tibus
1486 2843 1683 2937 suffragiis,
1725 2873 1879 2943 eumque
1897 2886 1901 2896 ·
1919 2876 1986 2922 nos
2028 2853 2235 2924 defensuros
2268 2877 2343 2925 esse

309 2951 407 3024 tem?
440 2967 475 3024 et
498 2954 635 3023 aboleri
658 2964 869 3022 ornamenta
885 2951 1137 3043 Reipublicae,
1163 2952 1301 3024 avobis
1354 2947 1603 3030 0⁸¹011demtlss
1627 2962 1668 3019 ul
1687 2974 1842 3045 aequum
1867 2966 1936 3023 est:
1973 2979 2098 3026 omnes
2113 2958 2293 3048 principes
2309 2968 2345 3025 st

308 3057 489 3148 sapienter
510 3070 546 3125 et
564 3068 684 3127 sancte
708 3055 867 3127 instituta
894 3055 994 3138 iura,
1021 3054 1171 3137 iudicia,
1197 3055 1302 3127 disci·
1353 3047 1481 3138 populi
1501 3063 1608 3121 erunt
1630 3051 1668 3121 in
1691 3055 1819 3124 officio.
1871 3055 1923 3124 Ut
1938 3057 2048 3148 igitur
2062 3053 2195 3129 babeat
2208 3058 2343 3128 antori—

310 3158 471 3252 plinam?
523 3157 621 3229 Haec
643 3157 739 3227 enim
762 3156 885 3225 omnia
909 3157 948 3226 in
972 3159 1142 3229 servitute
1158 3171 1302 3229 mutan·
1354 3161 1484 3234 mem,
1510 3152 1642 3223 Vlrlule
1658 3180 1749 3248 ⁰P¹²⁸
1768 3170 1839 3239 0³13
1864 3171 1906 3227 ¹1¹
1922 3160 2201 3233 accedantvires
2217 3161 2344 3231 formi-

310 3276 382 3333 tnr.
441 3261 511 3331 Sed
540 3263 583 3330 de
611 3255 679 3329 hac
711 3283 750 3328 re
776 3260 880 3352 plura
903 3259 1020 3329 dicere
1043 3261 1174 3331 ominis
1195 3285 1300 3332 eausa
1354 3253 1490 3325 dabiles
1512 3257 1642 3328 exteris
1664 3260 1853 3345 omnibus,
1883 3286 1955 3331 una
1978 3287 2018 3333 re
2040 3287 2131 3356 opus
2148 3277 2219 3350 est,
2246 3264 2350 3334 vide--

308 3366 410 3436 nolo,
1353 3355 1438 3426 licet
1452 3356 1658 3431 Electorum
1676 3387 1863 3450 consensu,
1880 3389 1985 3459 quem
2004 3367 2100 3436 inter
2114 3391 2181 3437 nos
2197 3368 2343 3461 quidem

413 3465 453 3538 Si
474 3466 583 3557 igitur
607 3478 660 3536 est
679 3461 842 3536 habenda
866 3466 1049 3556 potentiae
1068 3467 1162 3536 ratio
1177 3467 1216 3535 in
1233 3468 1303 3537 ele·
1354 3472 1568 3551 perpetuum
1590 3489 1697 3555 spero
1718 3467 1880 3536 futurum
1902 3491 1989 3542 esse.
2022 3468 2158 3558 ,Nemo
2179 3483 2232 3540 est
2246 3470 2343 3540 enim

311 3569 448 3653 ctione,
480 3582 522 3640 ut
543 3592 609 3659 ego
632 3593 776 3663 quoque
798 3568 976 3651 arbitror,
998 3582 1036 3638 et
1048 3570 1156 3640 fatale
1169 3582 1222 3641 est
1237 3566 1303 3640 bo·
1354 3562 1449 3632 inter
1480 3589 1567 3647 ¹¹⁰⁸,
1601 3568 1664 3659 qul
1687 3568 1756 3638 sibi
1777 3569 1976 3660 polentiam
2000 3571 2157 3667 aliquam
2181 3585 2346 3667 quaerat,

311 3697 392 3744 rum
409 3671 549 3764 Regum
573 3672 723 3742 alterum
745 3671 843 3762 eligi:
878 3696 945 3763 ego
961 3672 1105 3744 Gallum
1128 3673 1323 3757 antefero,¹
1355 3689 1462 3758 quern
1484 3668 1634 3737 ambitio
1657 3682 1718 3740 aul
1738 3671 1809 3741 ulla
1827 3672 2004 3763 cupiditas
2016 3674 2209 3746 imitatura
2223 3676 2344 3745 videa·

312 3789 349 3846 et
363 3798 592 3869 nequaquam
608 3797 755 3857 censeo,
781 3773 980 3866 Hispanum
995 3776 1198 3866 eligendum
1216 3800 1302 3847 esse.
1355 3780 1414 3837 tur
1438 3772 1607 3841 adversus
1627 3796 1853 3844 communem
1869 3771 2016 3867 imperii
2034 3778 2353 3873 tranquillitatem.-

312 3878 384 3949 Sed
405 3879 437 3949 ai
457 3878 515 3948 lex
535 3877 704 3968 impedit,
728 3901 774 3946 ne
791 3877 917 3948 Gallus
940 3890 1163 3962 accersatur,
1188 3880 1302 3970 magia
1354 3870 1439 3938 Tali
1457 3872 1633 3963 saplenlltt
1659 3889 1695 3944 el
1715 3878 1889 3968 gravilate
1910 3880 2092 3970 praeditos
2110 3906 2186 3953 esse
2199 3880 2344 3952 Electo-

313 3981 422 4052 etiem
443 3979 640 4072 impediat,
672 4004 717 4050 ne
732 3979 912 4071 Hispanus
931 3980 1103 4073 eligatur,
1129 4006 1210 4052 cum
1227 3982 1302 4054 eius
1355 3997 1430 4057 res,
1456 3979 1538 4044 cum
1559 3977 1715 4049 salutare
1739 3993 1792 4051 est
1804 3980 2056 4072 Reipublicae,
2088 3996 2165 4053 tum
2186 4009 2274 4054 vero
2298 3986 2345 4053 ad

313 4083 457 4168 electio,
483 4096 659 4177 quantum
675 4082 831 4175 prospici
850 4079 1058 4156 humanitus
1074 4097 1210 4175 potest,
1235 4085 1302 4154 mi.
1355 4100 1500 4148 omnem
1518 4081 1763 4171 posteritatem
1780 4084 1998 4155 Germaniae
2016 4085 2223 4174 gloriosum.
2276 4083 2345 4156 lta·

311 4187 409 4258 nime
425 4186 591 4258 ,alutaris
607 4188 727 4257 futura
744 4186 961 4257 Germaniae
975 4187 1152 4259 videmur,
1175 4192 1228 4257 ac
1241 4191 1301 4258 de.
1354 4205 1424 4275 que
1448 4180 1599 4256 mirifice
1621 4186 1779 4255 delector
1799 4187 2049 4256 recordatione
2074 4182 2180 4258 huius
2203 4202 2343 4259 vestrae

313 4313 498 4360 curramus
525 4291 572 4360 ad
601 4290 781 4359 maiorum
812 4304 1019 4360 nostrorum
1048 4293 1230 4382 exempla,
1267 4305 1303 4361 et
1354 4284 1509 4357 virtutis.
1565 4285 1784 4358 Omittamus
1798 4289 1908 4381 igitur
1923 4287 2135 4381 Hispanum,
2162 4303 2198 4360 et
2213 4292 2345 4363 virtute

312 4415 416 4473 vere,
447 4416 521 4462 non
544 4392 670 4462 callida
695 4393 1010 4483 interpretatione,
1041 4395 1156 4485 legem
1185 4419 1302 4465 serve-
1354 4411 1435 4457 cum
1452 4386 1580 4460 exteris
1596 4403 1782 4462 certemus.
1821 4391 1905 4465 Non
1921 4416 2135 4486 quaeramus
2150 4394 2259 4478 alios,
2280 4394 2345 4489 qui

312 4517 406 4566 mus.
454 4495 507 4563 Ac
525 4520 607 4566 vere
624 4496 879 4566 Germanicum
896 4496 1117 4588 principem,
1150 4498 1302 4592 quinon
1353 4490 1458 4561 nobis
1480 4491 1660 4583 imperent
1679 4494 1814 4566 otiosis.
1865 4489 1966 4565 Nihil
1983 4496 2078 4565 enim
2095 4496 2277 4587 indignius
2292 4509 2346 4568 est

313 4597 414 4666 aliud
437 4598 678 4681 domicilium,
710 4599 781 4670 nisi
803 4598 841 4667 in
857 4599 1052 4670 Germania
1077 4594 1207 4684 babet,
1239 4600 1302 4695 qui
1352 4595 1449 4665 natis
1465 4589 1611 4665 heroico
1628 4620 1777 4687 genere,
1807 4622 1915 4692 quam
1937 4599 2066 4669 inertia
2088 4600 2279 4691 fugitantes
2292 4601 2344 4670 la·

313 4700 474 4791 origine,
501 4700 658 4792 ingenio,
682 4702 818 4793 lingua,
844 4702 1004 4773 moribus
1019 4702 1223 4776 Germanus
1238 4716 1302 4786 est,
1353 4700 1501 4782 boram,
1527 4698 1607 4771 aliis
1630 4702 1823 4771 concedere
1844 4699 1991 4793 Imperii
2015 4701 2189 4793 gloriam,
2217 4715 2252 4771 et
2271 4725 2343 4774 ser·

311 4803 497 4893 eligamus.
547 4803 621 4875 Nec
643 4829 700 4876 me
723 4829 834 4900 usqne
857 4808 948 4874 adeo
968 4818 1107 4889 movet,
1139 4808 1237 4900 quod
1252 4808 1303 4877 ait
1354 4802 1506 4872 vitutem
1520 4824 1711 4874 accersere.

310 4904 547 4996 Mognntinus
569 4907 729 4998 leporem
753 4907 916 4978 leonibus
931 4909 1190 5000 imperaturum
1209 4935 1300 4981 esse:
1326 4977 1330 5000 ,
1388 4964 1393 4975 .
1456 4903 1608 4998 Quoties
1636 4905 1675 4974 in
1706 4906 1901 4977 Germania
1934 4904 2131 4976 mediocres
2163 4908 2343 5001 principes

310 5008 426 5098 magia
439 5009 528 5079 illud
545 5010 739 5080 videndum
759 5023 828 5094 est,
853 5033 899 5081 ne
915 5011 1090 5081 ciconiam
1105 5012 1216 5096 ranis,
1239 5037 1302 5085 seu
1354 5018 1614 5078 contraxerunt
1634 5009 1750 5101 regios
1772 5008 1967 5092 exercitus,
2001 5020 2036 5078 et
2061 5032 2117 5079 res
2137 5009 2342 5102 praeclaras

311 5112 429 5182 corvis
442 5113 620 5182 vulturem
637 5113 896 5204 praeficiamus.
1354 5112 1555 5203 gesserunt!
1621 5110 1707 5184 Fuit
1733 5136 1857 5183 recens
1881 5109 1964 5184 Dux
1987 5111 2184 5196 Saxoniae,
2218 5114 2344 5185 Albec-

415 5214 582 5285 Potentia
622 5216 840 5286 Germaniae
878 5218 964 5289 satis
996 5243 1125 5309 magna
1162 5233 1232 5301 est,
1272 5219 1303 5290 si
1355 5227 1431 5296 tus,
1458 5214 1522 5308 qui
1543 5214 1616 5286 suis
1635 5217 1813 5287 sumtibus
1835 5239 1964 5308 magna
1983 5240 2025 5286 ex
2041 5217 2289 5307 partebellum
2305 5217 2344 5286 in

310 5340 419 5410 quem
440 5319 630 5410 eligemus,
655 5321 719 5413 qui
732 5319 864 5392 virtute
878 5319 1107 5392 autoritatem
1124 5321 1193 5392 sibi
1207 5346 1304 5391 com·
1334 5317 1499 5408 ‘Belgica
1514 5318 1632 5409 gessit.
1682 5316 1807 5412 Quid?
1833 5329 1916 5388 ante
1932 5313 2029 5388 bunc
2044 5331 2200 5412 quantos
2213 5320 2345 5390 exerci-

309 5443 442 5511 parare
464 5421 609 5512 poterit.
660 5421 808 5513 Accepit
827 5418 897 5492 boc
919 5413 1112 5516 Imperium
1139 5436 1175 5494 et
1190 5447 1303 5518 paene
1355 5436 1413 5493 tus
1430 5444 1536 5513 saepe
1552 5422 1730 5492 contraxit
1743 5418 1908 5493 Marchio
1923 5421 2105 5491 Albertus!
2151 5421 2253 5492 Patri
2268 5436 2345 5507 tuo,

309 5522 473 5594 lrmditus
503 5525 719 5615 collapsum,
750 5522 964 5616 Rodolphns
987 5527 1179 5598 mediocris
1204 5528 1305 5620 prin·
1354 5524 1549 5609 friderice,
1574 5523 1668 5596 Duci
1680 5525 1848 5610 Ernesto,
1870 5524 2003 5595 bellum
2024 5525 2254 5595 denuntiarat
2268 5526 2345 5595 Rex

318 5649 421 5717 ceps,
449 5639 589 5698 tantum
613 5641 762 5719 propter
775 5629 941 5698 virtutem
961 5630 1112 5715 electus,
1142 5656 1184 5702 ac
1201 5629 1305 5724 brevi
1356 5628 1567 5700 Pannoniae
1590 5623 1780 5700 Matthias:
1816 5640 1969 5723 quantas
1994 5628 2134 5720 copias,
2167 5641 2343 5723 quantum

313 5726 361 5798 ita
386 5730 518 5812 erexit,
545 5744 584 5800 ut
606 5732 748 5821 regibus
762 5729 889 5800 vicinis
906 5731 1074 5804 omnibus
1091 5734 1306 5806 formidabi·
1356 5735 1469 5804 robur
1496 5757 1539 5802 ex
1567 5731 1694 5803 vicinis
1716 5732 1924 5825 regionibus
1949 5731 2068 5803 subito
2091 5742 2348 5802 contraxerunt

310 5830 357 5900 lis
385 5847 486 5906 esset.
550 5832 670 5905 Audio
693 5831 939 5917 laudovicum,
970 5832 1106 5927 Regem
1131 5835 1308 5908 franciae
1357 5848 1461 5929 pater
1483 5846 1520 5906 et
1542 5847 1693 5928 patruus
1715 5835 1815 5908 tuus!
1867 5832 1992 5928 ltaque
2012 5832 2116 5904 cessit
2134 5834 2236 5905 vobis
2251 5833 2350 5905 Pan'·

1612 5933 1621 5956 l
1880 5931 1902 5972 ἢ

1818 5937 1870 6012 82
