5534 6700
721 599 880 678 66³

935 770 1338 846 cxxxllll.
1412 774 1674 847 Noster
1717 773 2122 869 Imperator
2164 778 2466 851 Carolus
2508 779 2718 876 quin-

724 889 841 947 tus
878 901 1041 947 cum
1078 888 1262 948 esset
1302 878 1715 951 adolescens
1758 891 1831 948 et
1867 879 2145 950 nobiles
2196 885 2565 952 coaetanei
2607 882 2717 952 in-

725 980 958 1057 vicem
1019 992 1382 1050 certarent
1435 983 1829 1065 currendo,
1913 982 2188 1054 adstitit
2243 983 2393 1076 ipse
2454 998 2525 1056 et
2582 985 2719 1056 fuit

726 1094 1114 1174 spectator.
1216 1080 1396 1152 Cum
1430 1084 1737 1176 aliquem
1766 1083 2040 1155 videret
2067 1088 2454 1179 superbum
2477 1140 2500 1172 ,
2546 1088 2716 1182 quia

726 1197 941 1255 antea
977 1183 1209 1254 victor
1243 1184 1324 1252 in
1362 1187 1717 1257 currendo
1761 1201 2085 1258 evaserat
2105 1241 2126 1273 ‚
2198 1203 2445 1282 postea
2493 1190 2570 1258 in
2610 1216 2717 1262 se-

727 1288 964 1357 cundo
997 1309 1207 1357 cursu
1239 1285 1675 1380 interposuit
1712 1288 1779 1358 ei
1808 1290 2066 1381 pedem
2088 1344 2110 1375 ,
2160 1304 2242 1362 ut
2272 1295 2596 1377 caderet,
2648 1305 2721 1363 et

726 1390 911 1459 alter
939 1388 1143 1458 fieret
1169 1387 1424 1460 victor.
1527 1390 1716 1460 Hinc
1743 1391 2326 1465 animadversum
2360 1408 2488 1480 est,
2542 1421 2718 1490 qua-

724 1491 814 1562 lis
862 1501 1043 1562 esset
1091 1501 1398 1576 natura,
1465 1516 1726 1586 nempe
1778 1496 1974 1589 quod
2015 1497 2342 1590 superbis
2385 1498 2720 1570 inimicus

734 1606 938 1665 esset.

849 1776 854 1781 ¹
935 1692 1278 1766 CXXXV.
1345 1692 1430 1765 In
1464 1711 1710 1767 monte
1733 1698 2010 1770 Mariae
2040 1700 2222 1771 dixit
2253 1702 2546 1796 quidam
2572 1701 2719 1772 Bo-

724 1794 1013 1870 bemus:
1070 1795 1272 1873 weit!
1324 1800 1489 1875 meib
1537 1818 1672 1875 met
1709 1805 1830 1896 gat
1872 1804 1944 1879 itt
1986 1805 2092 1879 citt
2129 1807 2292 1898 gtofi
2333 1805 2563 1898 ttyfimb
2613 1827 2718 1899 8²³
2765 1830 2768 1901 J
2827 1819 3299 1912 disputationi
3329 1821 3638 1890 duorum
3671 1844 3757 1888 ex
3783 1818 4235 1902 consiliariis,
4288 1844 4601 1912 quorum
4635 1821 4817 1890 alter

727 1899 920 1992 mest,
998 1904 1134 1976 ban
1191 1917 1337 1976 men
1391 1901 1481 1997 id)
1529 1902 1612 1993 ste
1650 1926 1730 1998 gu
1778 1926 2050 2000 morgen
2094 1905 2224 1998 ἴτω
2271 1927 2361 1981 an
2413 1910 2520 1983 εἰιι
2563 1908 2720 2002 &bt

727 2002 972 2100 Ῐῴῑας,
1024 1999 1096 2093 so
1140 2002 1407 2079 btstmbt
1446 2005 1529 2098 sie
1574 2011 1696 2082 ben
1740 2025 2003 2103 gangen
2049 2019 2186 2104 tao.

934 2120 1308 2196 CXXXVI.
1371 2123 1539 2197 Dux
1565 2122 1874 2199 Ioannes
1899 2127 2310 2199 Fridericus
2340 2127 2575 2198 dicere
2606 2152 2720 2199 so-

727 2224 900 2296 litus
953 2238 1108 2297 estt.
1147 2226 1448 2299 :Melius
1499 2241 1605 2299 est
1648 2244 1965 2302 scortum
2011 2227 2417 2314 honorare,
2498 2254 2717 2324 quam

726 2322 1108 2399 honestam
1138 2338 1553 2398 matronam
1583 2334 1712 2402 aut'
1736 2334 2090 2425 virginem
2124 2317 2425 2405 violare.

937 2445 1351 2520 CXXXVII.
1434 2449 1847 2524 Fridericus
1892 2452 2295 2537 Miconius,
2380 2452 2507 2546 qui
2565 2462 2725 2522 erat

733 2548 1132 2642 aliquando
1185 2540 1609 2622 iracundior
1639 2549 1882 2672 ·(sicut
1925 2556 2162 2624 bonae
2199 2566 2506 2624 naturae
2557 2564 2725 2626 sunt

730 2650 1161 2747 iracundae)
1210 2649 1468 2724 habuit
1523 2654 1696 2727 satis
1761 2657 2072 2727 multum
2125 2657 2598 2729 certaminum
2644 2655 2722 2725 in

734 2753 1200 2825 consulibus.-
1272 2753 1380 2826 Ibi
1413 2781 1547 2850 ego
1577 2754 2068 2856 Philippus3)
2102 2756 2527 2832 adhortatus
2557 2782 2720 2829 eum

732 2876 928 2927 sum:
997 2854 1318 2928 Domine
1346 2856 1756 2945 Friderice‚
1822 2863 2191 2948 dicebam,
2229 2869 2548 2983 oportet
2588 2884 2723 2932 nos

732 2959 1129 3050 reprimere
1161 2960 1346 3029 iram
1380 2974 1451 3031 et
1477 2986 1627 3032 non
1673 2962 1982 3034 excitare
2028 2977 2139 3035 tot
2185 2965 2378 3036 rixas
2424 2976 2725 3057 propter

730 3061 1096 3152 publicam
1143 3084 1394 3154 pacem
1444 3077 1517 3135 et
1558 3077 1869 3137 vestram
1919 3067 2143 3159 ipsius
2185 3066 2724 3151 conscientiam,

735 3175 808 3232 et
849 3164 1080 3249 suasi,
1159 3176 1244 3234 ut
1302 3167 1552 3236 saltem
1603 3190 1646 3260 a
1699 3191 1851 3238 non
1896 3170 2312 3242 necessariis
2362 3169 2535 3242 rixis
2589 3168 2724 3238 ali-

732 3266 1090 3360 quamdiu
1119 3267 1547 3353 abstineret,
1597 3282 1670 3339 et
1697 3270 1848 3340 dixi
1891 3295 2052 3342 eum
2103 3274 2720 3366 obtemperantem

728 3369 963 3437 multa
991 3370 1186 3438 bona
1217 3370 1387 3440 inde
1414 3372 1640 3466 sequi.
1741 3374 2089 3445 Promisit
2118 3399 2194 3446 se
2234 3372 2419 3446 mihi
2451 3378 2725 3447 obtem·
2769 3394 2770 3397 ’

731 3484 1186 3564 peraturuni.
1273 3473 1486 3545 Post
1514 3457 1888 3547 biennium
1932 3473 2118 3547 redii
2152 3480 2244 3548 ad
2288 3502 2495 3563 eum,
2560 3503 2721 3549 cum

731 3574 1020 3643 multa·
995 3598 1142 3642 iam
1177 3589 1338 3644 cu'm
1372 3587 1506 3647 suo
1535 3580 1828 3650 consule
1868 3571 2122 3673 e'gisset
2147 3575 2617 3651 familiariter
2655 3593 2727 3651 et

733 3669 1013 3770 ahquid
1040 3678 1500 3765 concedisset,
1553 3681 1733 3752 dixit
1763 3684 1856 3752 ad
1884 3708 2033 3753 me:
2089 3681 2158 3753 O
2188 3686 2482 3778 domine
2509 3679 2725 3767 Phil„

736 3773 1093 3872 quantum
1164 3782 1528 3852 commodi
1592 3787 1834 3878 accepi
1894 3787 2032 3858 isto
2092 3773 2334 3858 vestro
2398 3787 2726 3871 consilio,

733 3882 1059 3972 profecto
1091 3882 1398 3953 multum
1432 3909 1551 3955 me
1581 3885 1878 3961 adiuvit.
1982 3888 2252 3960 Verum
2286 3904 2435 3975 est,
2488 3891 2725 3984 quod

734 3977 1050 4055 b-revis
1099 3986 1578 4077 sapientia
1634 4004 1913 4081 parat
1963 3993 2501 4063 diuturnam
2569 4015 2727 4083 pa-

736 4109 964 4171 cem,
1013 4088 1140 4157 sed
1177 4088 1369 4161 illius
1419 4091 1629 4182 parvi
1671 4096 2019 4187 temporis
2063 4095 2407 4188 patientia
2439 4108 2721 4164 tantum

737 4185 1012 4260 doloris
1041 4190 1252 4261 affert
1281 4207 1363 4264 ut
1391 4194 1661 4264 malum
1706 4196 1999 4318 longum
2041 4199 2337 4270 bellum.
2437 4198 2606 4275 &nb
2652 4206 2725 4271 εὖ

733 4290 817 4381 ist
854 4290 1031 4381 αῑῘο,
1083 4307 1390 4365 naturae
1434 4311 1603 4367 sunt
1642 4300 1857 4384 tales,
1925 4301 2109 4372 sicut
2153 4297 2468 4372 Achilles
2514 4301 2720 4371 dicit·

735 4390 960 4465 Irasci
990 4396 1171 4467 sicut
1200 4400 1342 4467 mel
1378 4400 1658 4472 dulcius
1688 4414 1816 4476 est.

949 4495 1382 4573 CXXXVIII.
1448 4504 1786 4575 Albertus
1819 4504 2144 4577 Durerus
2171 4507 2502 4578 narravit
2540 4502 2722 4576 mihi

736 4599 832 4668 de
860 4596 1399 4687 Maximiliano‚
1453 4610 1582 4681 boe
1617 4607 1734 4681 bes
1761 4606 2234 4691 ἃαιίιιιίῐίαιιί
2279 4611 2406 4686 bit!
2456 4631 2546 4684 αιι
2598 4615 2722 4685 bea

736 4702 987 4776 &tmen
1018 4700 1123 4796 fet)
1156 4703 1222 4795 Ῐο
1254 4712 1418 4802 gtofi
1443 4708 1727 4804 gemefen
1768 4714 1880 4807 <115
1923 4713 2058 4804 sein
2098 4714 2355 4786 femur
2471 4711 2566 4782 Et
2615 4726 2724 4782 ta-

732 4829 905 4874 men
944 4808 1084 4877 fuit
1120 4811 1458 4883 Albertus
1501 4816 1886 4885 mediocris
1924 4828 2264 4887 staturae.
2363 4815 2459 4887 Et
2489 4814 2722 4885 Maxi-

731 4907 1127 4981 milianus
1104 4938 1248 4982 iam
1290 4931 1505 4985 senex
1552 4942 1712 4988 cum
1755 4931 1935 4988 esset
1966 4919 2394 5010 ‘Augustae‘
2371 4943 2450 4989 ιιι
2500 4919 2721 4989 comi·

731 5008 892 5095 tiis,
937 5016 1242 5086 certavit
1263 5018 1368 5086 ibi
1406 5043 1564 5089 cum
1597 5021 2003 5106 nobilibus,
2053 5022 2424 5114 ponebant
2455 5045 2722 5093 asseres

736 5126 811 5183 et
840 5118 1214 5190 certabant
1247 5121 1669 5208 iaculando,
1736 5124 1897 5220 quis
1931 5074 2175 5217 plures
2209 5137 2449 5217 posset
2491 5137 2724 5197 trans-

629 5281 653 5308 ,
735 5216 975 5307 figere·
1090 5219 1200 5294 lbi
1239 5224 1778 5300 Maximilianus
1828 5230 2008 5299 duos
2054 5252 2322 5300 asseres
2369 5228 2725 5299 transfixit

732 5342 888 5392 uno
918 5322 1108 5409 ictu,
1156 5333 1352 5422 quod
1397 5353 1615 5399 nemo
1658 5332 2010 5402 nobilium
2052 5345 2418 5425 praestare
2461 5331 2750 5423 possit;

731 5422 876 5493 fuit
923 5438 1076 5496 tum
1127 5454 1360 5504 annus
1403 5432 1882 5503 Maximiliani
1926 5430 2051 5507 59.
2153 5434 2364 5507 Nunc
2414 5457 2720 5528 corpora

733 5521 1117 5699 ἰιοὲιιίιιιιιιι
1178 5559 1330 5604 non
1382 5550 1550 5607 sunt
1593 5537 1903 5628 amplius
1944 5552 2090 5607 tam
2139 5540 2473 5624 robusta,
2540 5541 2726 5609 fiunt

735 5653 811 5697 ιιι
865 5654 1162 5705 rnnora.

806 5832 908 5894 ⁶2]
944 5833 1229 5900 Philippus
1200 5839 1262 5898 s]
1301 5836 1470 5892 coda
1521 5851 1570 5905 φ

1098 597 1194 677 v.
1293 599 1812 677 msa-oman
1866 603 2354 701 Quasnam
2402 603 2959 680 REmTA'rAE
3008 600 3317 678 mma
3340 544 3833 675 ‘Punchs
3881 600 4445 679 ιΕοΤιοΝΕε.

2780 3463 2781 3467 ,
2831 3417 3005 3463 elus.

4653 602 4823 681 664-

3028 773 3398 847 CXXXIX.
3469 775 3792 847 Medicus
3842 776 4138 871 quidam
4192 778 4283 846 ad
4334 777 4802 850 virumnobi-

2822 880 2964 949 lem
2999 891 3372 971 aegrotum
3415 891 3708 949 vocatus
3757 891 3861 950 est
3904 891 3975 947 et
4023 881 4114 948 ab
4168 903 4254 948 eo
4314 882 4403 949 de
4434 879 4722 972 origiue
4747 894 4820 951 et

2824 1006 3034 1054 causa
3079 981 3253 1051 mali
3286 982 3807 1072 interrogatus,
3859 981 4277 1073 respondit,
4334 982 4734 1053 fluxionem
4777 1007 4819 1053 e

2822 1108 3045 1155 manu
3074 1086 3322 1154 dextra
3354 1085 3431 1152 in
3465 1096 3679 1175 caput
3707 1083 4134 1153 defluentem
4157 1138 4178 1167 ,
4229 1098 4471 1156 motus
4521 1110 4807 1157 causam

2826 1212 2998 1259 esse.
3144 1187 3470 1280 Cumque
3522 1187 3646 1255 ille
3701 1186 3907 1281 quasi
3977 1187 4343 1258 admirans
4411 1202 4813 1282 quaereret,

2826 1291 2951 1409 qui
2999 1289 3156 1358 fieri
3202 1302 3485 1381 posset,
3531 1290 3851 1359 medicus
3899 1285 4364 1374 cantharum,
4419 1291 4542 1384 qui
4584 1315 4815 1383 prope

2826 1393 2903 1461 in
2934 1415 3178 1463 mensa
3214 1392 3544 1462 adstabat
3578 1415 3737 1459 cum
3773 1391 3988 1476 vino,
4043 1392 4396 1483 arripiens
4430 1396 4520 1462 ad
4566 1416 4646 1465 os
4689 1395 4819 1464 ad·

2825 1496 3164 1564 movebat
3195 1495 3574 1564 ostendens
3602 1489 3788 1562 hanc
3823 1518 3970 1564 esse
4012 1494 4444 1580 fluxionem,
4497 1520 4683 1591 quae
4721 1497 4817 1567 sit

2826 1620 3035 1668 causa
3070 1597 3522 1668 morborum.

3032 1715 3240 1788 CXL.
3307 1715 3489 1787 Cum
3512 1740 3648 1786 rex
3676 1711 4089 1808 Alphonsus
4122 1738 4287 1786 casu
4317 1716 4816 1789 intervenisset

2827 1925 3021 2016 apud
3048 1946 3290 2013 regem
3328 1922 3607 1992 Galliae
3643 1923 3918 2007 fuerat,
3974 1934 4045 1992 et
4077 1934 4490 2016 quaereret,
4539 1924 4627 1992 de
4669 1946 4815 2016 qua

2825 2048 2906 2095 re
2939 2038 3119 2096 esset
3151 2025 3580 2115 disputatio,
3630 2025 4007 2117 respondit
4028 2028 4277 2108 unus,'
4306 2025 4434 2119 qui
4462 2025 4617 2117 regi
4645 2024 4819 2095 Gal-

2824 2129 2965 2197 liae
3007 2127 3473 2211 inservierat,
3542 2128 3739 2221 quod
3786 2152 3987 2218 reges
4025 2150 4177 2196 non
4219 2128 4528 2197 debeant
4571 2126 4835 2199 literas*

2827 2229 3139 2314 discere,
3190 2232 3316 2299 sed
3359 2228 3530 2301 satis
3579 2253 3768 2312 esse,
3818 2230 3875 2301 si
3928 2230 4252 2300 literatos
4291 2230 4609 2301 foveant.
4705 2226 4819 2299 Ibi

2829 2333 3011 2402 dixit
3038 2356 3166 2401 rex
3195 2327 3645 2425 Alphonsus:
3703 2331 3865 2402 Vox
3895 2333 4138 2417 bovis,
4192 2357 4342 2403 non
4374 2329 4716 2405 hominis.

3032 2464 3273 2538 CXLI.
3353 2468 3637 2562 Capnio
3682 2464 3864 2538 mihi
3912 2468 4243 2539 recitavit
4294 2463 4671 2541 historiam
4725 2470 4818 2541 de

2827 2567 3028 2639 Duce
3054 2565 3480 2640 Eberhardo
3514 2569 4096 2664 Wirtebergensi
4129 2586 4198 2643 et
4227 2558 4637 2658 Cardinali,
4690 2570 4819 2667 qui

2826 2672 2965 2742 fuit
3003 2672 3155 2743 eius
3201 2697 3438 2743 comes
3487 2671 3771 2743 Romae
3826 2673 3903 2742 in
3952 2674 4347 2766 templum,
4413 2675 4598 2748 sicut
4641 2675 4821 2747 tales

2828 2774 3190 2867 principes
3228 2775 3601 2868 magnifice
3637 2788 4062 2848 tractantur.
4117 2776 4265 2869 Qui
4294 2802 4454 2848 cum
4484 2777 4628 2846 iam
4667 2800 4821 2845 am-

2826 2879 2981 2948 bo'
2958 2878 3258 2971 ingressi
3293 2892 3526 2949 essent
3567 2880 3961 2972 templum,
4021 2879 4237 2951 simul
4281 2879 4823 2970 ingrediebatur

2828 3004 3017 3052 unus
3078 2980 3373 3052 indutus
3429 2981 3741 3051 lacerata
3808 2995 4041 3066 veste,
4119 2980 4245 3077 qui
4305 2983 4599 3075 gerebat
4656 2990 4825 3075 gra'-

2828 3081 3067 3168 mina,
3122 3082 3384 3178 quibus
3419 3095 3807 3155 ornaturus
3844 3096 4026 3155 esset
4063 3082 4460 3176 temp-lum,
4513 3108 4820 3179 cumque

2830 3187 3163 3256 cederent
3224 3186 3292 3255 ei
3345 3181 3717 3271 homines,
3795 3186 4126 3280 pervenit
4183 3189 4276 3256 ad
4332 3186 4614 3273 locum,
4693 3185 4823 3258 ubi

2828 3289 3024 3361 stetit
3078 3287 3423 3384 Princeps
3470 3284 3935 3362 Eberhardus
4000 3303 4070 3360 et
4123 3289 4528 3363 Cardinalis
4580 3313 4821 3363 comes

3090 3389 3198 3461 Ibi
3229 3394 3501 3486 spargit
3527 3394 3895 3486 gramina,
3951 3406 4021 3463 et
4055 3393 4270 3463 simul
4299 3418 4458 3464 cum
4493 3391 4821 3486 gramine

2831 3481 3142 3566 extrahit
3167 3497 3386 3565 sicam
3421 3509 3493 3565 et
3524 3497 3879 3567 interfecit
3910 3495 4407 3576 Cardinalem;
4472 3495 4612 3565 fuit
4654 3497 4819 3566 sub-

2831 3600 3209 3669 ordinatus
3251 3600 3340 3668 ab
3389 3598 3557 3668 alio.
3676 3597 3845 3668 Dux
3882 3593 4345 3670 Eberhardus
4387 3599 4626 3669 statim
4677 3597 4820 3669 dis-

2831 3702 3073 3785 cessit,
3127 3714 3196 3769 et
3224 3701 3458 3770 noluit
3489 3696 3789 3792 posthac
3818 3701 4099 3791 ingredi
4133 3701 4480 3793 templum
4501 3754 4522 3786 ,
4568 3725 4820 3796 quam-

2831 3804 2958 3874 diu
2986 3803 3265 3872 Romae
3295 3815 3472 3874 erat.
3577 3803 3791 3874 Tales
3820 3804 4061 3874 sicarii
4094 3817 4262 3876 sunt
4291 3801 4619 3898 Hispani.

3036 3937 3307 4010 CXLII.
3374 3940 3687 4033 Quidam
3726 3940 4007 4011 iuvenis
4052 3967 4214 4013 cum
4255 3943 4517 4012 multas
4544 3955 4819 4033 'pravas

2833 4041 3256 4135 cupiditates
3284 4045 3621 4126 sentiret,
3675 4057 3749 4113 et
3785 4045 4128 4128 nesciret,
4186 4068 4327 4138 qua
4369 4044 4653 4113 ratione
4698 4068 4819 4134 eas

2831 4145 3211 4238 expelleret
3240 4172 3324 4216 ex
3354 4147 3626 4230 animn,
3655 4147 4013 4218 consuluit
4043 4148 4442 4231 eremitam,
4474 4147 4648 4239 quid
4678 4146 4819 4217 sibi

2828 4249 3230 4318 faciendum
3294 4263 3495 4319 esset.
3631 4248 4075 4340 Respondit,
4143 4274 4288 4344 quo
4348 4250 4588 4321 minus
4649 4273 4816 4322 aves

2828 4376 3043 4443 supra
3080 4364 3295 4442 caput
3333 4377 3543 4422 suum
3575 4352 3916 4435 volitent,
3978 4347 4364 4444 prohibere
4397 4375 4546 4421 non
4580 4376 4815 4444 posse,

2827 4458 2951 4526 sed
3011 4454 3189 4524 illud
3244 4473 3810 4545 cavere·posse,
3881 4480 3973 4525 ne
4023 4455 4102 4524 in
4144 4455 4374 4547 capite
4422 4455 4813 4526 nidificent.

2827 4557 2995 4651 Quo
3028 4556 3428 4648 significare
3462 4558 3717 4641 voluit,
3746 4582 4009 4649 pravas
4042 4559 4465 4651 cupiditates
4498 4583 4643 4653 quo
4676 4558 4813 4627 mi-

2825 4685 2963 4733 nus
2994 4660 3327 4743 veniant,
3378 4657 3752 4752 prohiberi
3780 4685 3929 4732 non
3965 4686 4170 4752 posse
4193 4716 4212 4745 ,
4267 4665 4390 4733 sed
4421 4662 4811 4732 videndum

2828 4788 3012 4846 esse,
3062 4786 3154 4832 ne
3187 4764 3461 4834 radices
3495 4764 3572 4831 in
3610 4764 3821 4836 nobis
3872 4777 4089 4856 agant
4131 4777 4204 4834 et
4237 4765 4314 4833 in
4350 4766 4583 4857 ipsum
4632 4790 4815 4856 opus

2828 4878 3233 4957 erumpant.

3034 4982 3337 5056 CXLIII.
3415 4982 3498 5054 In
3546 4984 3850 5054 concilio
3880 4985 4261 5056 Basiliensi
4293 4985 4587 5080 quidam
4620 4984 4816 5056 docti

2826 5088 2966 5158 viri
2999 5086 3195 5183 (cum
3228 5112 3420 5159 nunc
3462 5088 3564 5158 ibi
3615 5090 3879 5185 essent)
3927 5089 4533 5161 deambulationis
4582 5090 4812 5182 gratia

2829 5192 3202 5262 exiverunt
3235 5192 3312 5261 in
3358 5193 3768 5285 proximum
3810 5217 4100 5273 nemus;
4156 5194 4464 5263 audiunt
4504 5193 4604 5264 ibi
4655 5215 4816 5264 sua·

2828 5295 3114 5366 vissime
3168 5308 3538 5366 canentem
3607 5296 3958 5366 aviculam
4025 5309 4094 5365 et
4152 5296 4534 5367 inusitatos
4599 5319 4817 5366 sonos

2802 5397 3201 5479 edentem;
3281 5400 3682 5483 mirantur,
3751 5399 3924 5493 quid
3969 5399 4097 5489 sit..
4204 5397 4315 5469 Ibi
4379 5425 4565 5471 unus
4624 5399 4817 5468 inter

2826 5503 2991 5573 illos
3035 5501 3470 5586 animosior,
3541 5502 3667 5597 qui
3712 5504 4108 5595 suspicatus
4153 5516 4256 5574 est
4299 5528 4449 5573 non
4500 5527 4647 5574 esse
4695 5526 4819 5571 ve-

2707 5665 2714 5678 .
2802 5629 2987 5676 ¹ram
3019 5631 3262 5692 avem,
3317 5608 3604 5676 accessit
3639 5618 3708 5675 et
3738 5606 4166 5702 alloquitur:
4235 5606 4513 5677 Adiuro
4545 5618 4655 5688 te,
4705 5604 4816 5671 in-

2828 5710 3022 5804 quit,
3084 5734 3215 5801 per
3259 5710 3483 5779 filium
3527 5709 3704 5792 Dei,
3769 5707 4168 5780 Dominum
4220 5723 4549 5783 nostrum
4580 5705 4813 5777 Iesum

2773 5805 2777 5897 Ι
2831 5809 3231 5899 Christum,
3304 5826 3395 5906 ut
3427 5813 3633 5900 dicas,
3667 5808 3889 5899 mihi,
3961 5813 4087 5908 qui
4134 5813 4251 5885 sis.
4370 5811 4812 5906 Respondit:
