5534 6700
362 648 437 724 745
859 640 936 717 Vll.
988 633 1354 715 counssuulanta
1378 633 1690 710 ntaLEcrlctts
1715 630 1879 708 nanto.
2308 639 2386 714 tto

361 820 636 912 oratoribusque
657 799 847 908 diligenter
874 816 1082 896 observare,
1115 832 1266 905 quarum
1290 831 1349 876 co-
1371 861 1377 898 ,
1402 809 1627 907 persequitur
1640 807 1677 875 in
1692 808 1793 881 libris
1808 811 1852 879 (le
1867 808 2074 878 inventione
2090 807 2141 878 M.
2156 808 2292 880 Cicero.
2327 812 2387 884 Τπ

361 918 493 1017 gnitio,
529 943 608 988 mea
637 918 781 1005 quidem
813 913 1008 995 renuntia,
1041 914 1164 980 indicii
1194 911 1350 979 acrimo-
1372 907 1379 923 '
1402 913 1446 980 ad
1472 937 1581 981 unum
1607 913 1806 1003 exemplum
1833 913 2049 1003 etreliqua,
2075 912 2387 1004 quaeinscripto·

361 1017 460 1086 niam
485 1025 635 1083 exercet.
1199 1034 1202 1041 ·
1401 1015 1500 1084 ribus
1532 1025 1739 1100 occurrent,
1780 1014 1889 1104 exige.
1953 1012 2086 1082 Vinum
2109 1009 2260 1096 Chium,
2300 1014 2386 1086 item

1401 1116 1661 1209 Smyrnaeum,
1686 1117 1771 1185 item
1792 1115 2035 1207 Campanum,
2061 1114 2290 1185 calefaciendi
2311 1118 2385 1186 vim

1401 1215 1525 1304 hahet,
1556 1240 1621 1285 nec
1641 1230 1862 1308 compertum
1885 1229 1937 1287 est
1963 1217 2065 1286 aliter
2086 1219 2130 1285 de
2144 1218 2220 1287 ullo
2238 1218 2312 1284 vini
2329 1242 2386 1309 ge·

466 1310 712 1382 inductionem
727 1313 856 1382 Graeci
871 1337 1052 1404 epagogen
1069 1325 1218 1395 vocent,
1245 1334 1350 1402 orgu-
1401 1334 1499 1392 nere.
1537 1317 1576 1388 ln
1598 1321 1698 1388 omni
1714 1321 1822 1410 igitur
1840 1321 1923 1388 vino
1938 1320 1991 1389 vis
2008 1319 2234 1388 calefaciendi
2251 1332 2314 1392 est.

363 1415 548 1485 mentandi
577 1416 753 1484 rationem
783 1427 935 1483 naturae
965 1415 1188 1506 proximam,
1230 1437 1301 1507 qua
1330 1437 1350 1482 e

363 1517 601 1607 singularibus
622 1518 823 1587 universale
846 1517 1044 1607 colligitur,
1070 1539 1142 1608 quo
1165 1518 1274 1584 modo
1290 1540 1351 1584 ve·
1417 1558 1420 1565 ·
1746 1488 1806 1558 De
1834 1489 2051 1579 e¹‘³¹¹¹l’¹⁰·

363 1619 513 1691 risimile
535 1631 589 1689 est
610 1642 736 1690 omnes
758 1631 852 1688 artes
873 1630 1032 1709 repertas
1057 1640 1143 1686 esse.
1195 1612 1376 1757 Compar-l
1504 1619 1734 1711 Exemplum,
1761 1622 1857 1713 quod
1877 1619 2005 1689 Graeci
2023 1619 2230 1711 paradigma
2246 1633 2388 1708 vocant,

362 1722 452 1792 ratis
463 1721 557 1789 enim
574 1721 712 1802 inultis,
738 1745 830 1814 quae
847 1720 1016 1790 adsiduus
1030 1740 1150 1788 rerum
1167 1744 1251 1790 usus
1267 1743 1350 1810 sup·
1401 1735 1453 1792 est
1469 1735 1531 1791 aut
1547 1722 1738 1804 similium,
1766 1736 1829 1790 aut
1844 1721 2067 1792 dissimilium
2088 1722 2321 1812 comparatio.
2355 1724 2389 1792 Α

364 1824 567 1916 peditahat,
592 1822 773 1912 exemplis,
798 1822 1034 1892 universalem
1051 1816 1231 1915 quandam
1247 1844 1351 1911 regu-
1401 1824 1509 1896 simili
1530 1824 1682 1915 petitur,
1715 1837 1755 1892 ut
1776 1820 1990 1892 Timotheus
2012 1826 2107 1914 apud
2130 1824 2305 1911 Graecos,
2337 1824 2387 1892 ita

364 1928 437 1995 lam
459 1925 667 2006 statuimus,
697 1937 738 1993 ut
757 1947 837 1992 cum
860 1923 1194 2006 viderentrnedici,
1224 1923 1349 1992 unum
1401 1927 1496 2020 Sylla
1521 1925 1660 1995 Romae
1684 1927 1920 2011 fortunatior,
1953 1949 2059 2017 quam
2079 1926 2292 2015 prudentior
2309 1923 2388 1998 fuit.

365 2024 507 2110 Chium,
532 2027 617 2097 item
635 2025 886 2119 Smyrnaeum,
909 2027 994 2096 item
1014 2026 1207 2096 Falernum
1223 2025 1350 2094 calefa-
1401 2027 1449 2097 Et
1461 2028 1499 2097 in
1515 2028 1784 2119 comparatione
1799 2028 1984 2112 similium,
2010 2050 2116 2118 saepe
2132 2029 2261 2110 maius,
2283 2050 2389 2118 saepe

364 2130 480 2200 ciendi
508 2131 580 2198 vim
610 2125 761 2212 hahere',
792 2129 1012 2221 collegerunt
1031 2129 1239 2199 inductione
1262 2148 1351 2222 qua·
1402 2132 1486 2200 item
1519 2131 1638 2201 minus
1658 2130 1811 2221 petitur,
1845 2142 1907 2215 nt,
1938 2129 1968 2198 si
1988 2126 2195 2221 philosophi
2219 2142 2387 2198 autorum

363 2234 445 2301 dam
470 2254 533 2302 seu
554 2256 711 2322 epagoga
731 2232 911 2322 regulam,
937 2233 1060 2302 uuum
1079 2243 1206 2300 natura
1224 2231 1350 2299 caleia-
1373 2294 1376 2299 ,
1401 2257 1549 2305 suorum
1569 2232 1701 2323 singuli
1713 2232 1842 2324 placita
1858 2243 1999 2316 tenent,
2025 2245 2161 2323 quanto
2177 2231 2290 2321 magis
2304 2252 2390 2300 con-

364 2356 455 2402 cere.
504 2333 688 2415 Breviter,
721 2332 897 2426 quidquid
919 2356 986 2403 usu
1007 2328 1286 2424 deprehensum,
1311 2332 1350 2399 in
1372 2302 1377 2361 Ι
1402 2334 1502 2404 venit
1516 2329 1740 2405 Christianos
1765 2336 1931 2423 dogmata
1955 2334 2148 2404 servatoris
2170 2335 2225 2403 sui
2248 2332 2387 2401 tenere!

366 2447 478 2503 artem
509 2447 670 2503 coactum
705 2447 777 2516 est,
813 2435 850 2502 id
878 2435 1086 2504 inductione
1109 2457 1171 2504 seu
1192 2454 1348 2525 epagoga
1401 2435 1448 2505 Et
1470 2432 1537 2504 hac
1560 2436 1835 2525 argumentandi
1857 2437 1991 2525 figura,
2017 2436 2136 2506 nescio
2160 2459 2207 2502 an
2229 2435 2297 2503 alia
2319 2435 2391 2502 fre·

365 2536 508 2626 collegit
521 2536 627 2606 ratio.
671 2535 816 2605 Certior
827 2536 1039 2606 inductione·
1048 2536 1274 2630 syllogismus
1287 2547 1350 2617 est,
1403 2538 1570 2632 quentius
1591 2550 1794 2631 usurpetur,
1853 2538 1886 2605 A
1907 2537 2089 2621 dissimili,
2122 2540 2284 2631 adeoque
2306 2557 2391 2604 con-

363 2650 553 2729 propterea
576 2638 614 2705 in
637 2638 883 2728 probabilibus
906 2641 1065 2707 crebrior
1079 2662 1163 2709 usus
1179 2651 1231 2707 est
1246 2637 1351 2705 indu·
1402 2641 1515 2708 trario
1541 2640 1694 2709 libenter
1717 2652 2030 2731 argumentamur;
2064 2640 2158 2708 valet
2178 2640 2274 2707 enim
2293 2662 2391 2708 com·

364 2740 513 2822 ctionis,
544 2741 722 2830 planeque
748 2741 785 2809 in
809 2741 1023 2811 coniecturis
1052 2752 1198 2833 regnat,
1230 2751 1288 2822 ut,
1320 2737 1350 2808 si
1403 2741 1542 2833 paratio
1560 2743 1824 2811 contrariorum
1842 2745 1886 2808 ad
1905 2740 2136 2826 evidentiam,
2162 2742 2389 2832 energiamve

364 2839 517 2911 Catilina
542 2844 648 2911 toties
671 2842 822 2911 violavit
846 2844 1125 2935 rempublicam,
1159 2839 1351 2910 verisimile
1403 2865 1564 2925 caussae,
1589 2856 1630 2913 ut
1654 2845 1749 2935 apud
1769 2840 1913 2912 Livium
1931 2841 2101 2911 Camillus
2120 2841 2299 2912 dissuadet
2322 2842 2390 2910 mi-

364 2955 511 3012 esteum
529 2966 671 3034 semper
687 2944 816 3014 infesto
832 2946 954 3013 animo
971 2946 1076 3015 scrisse
1095 2945 1132 3010 in
1157 2942 1351 3033 rempubli·
1402 2968 1506 3037 grare
1520 2942 1646 3028 Veios,
1678 2940 1932 3039 hortaturque,
1965 2968 2011 3012 ne
2035 2943 2121 3012 velit
2141 2942 2294 3036 populus
2315 2943 2390 3012 Ro·

363 3068 469 3113 cam..
510 3044 624 3115 anxie
643 3044 819 3114 laborant
841 3042 983 3116 scholae
1008 3048 1046 3113 in
1070 3046 1271 3114 reducenda
1295 3045 1351 3111 in·
1401 3052 1530 3116 manu's
1550 3070 1648 3114 sacra
1675 3072 1738 3117 sua
1761 3043 1997 3142 deserereffi.
2055 3044 2131 3116 Hos
2154 3068 2278 3116 omnes
2302 3047 2390 3116 deos

362 3146 530 3218 ductione
545 3148 590 3216 ad
603 3146 861 3240 syllogismum,
888 3173 954 3217 ceu
969 3150 1013 3217 ad
1031 3150 1214 3230 amussim,
1232 3169 1350 3239 neque
1401 3138 1563 3245 publicos
1587 3148 1837 3243 privatosque,
1869 3146 2049 3237 Quirites,
2083 3148 2259 3218 deserturi
2283 3144 2390 3218 estis?

364 3249 459 3319 enim
486 3247 555 3316 alia
579 3250 855 3338 argumentandi
874 3250 991 3331 forma
1017 3249 1149 3319 certior
1169 3263 1221 3320 est
1244 3249 1350 3342 syllo-
1402 3250 1519 3342 Quam
1541 3274 1607 3343 par
1622 3264 1777 3321 vestrum
1793 3252 1924 3320 factum
1940 3262 2008 3333 est,
2035 3252 2132 3345 quod
2148 3253 2186 3317 in
2203 3249 2390 3320 obsidione

364 3352 505 3443 gismo.
542 3347 611 3420 Sed
635 3346 725 3422 illud
744 3351 995 3445 quainjnepte
1016 3353 1168 3436 faciant,
1200 3364 1351 3422 nonest
1401 3378 1517 3445 nuper
1538 3355 1575 3422 in
1599 3356 1741 3446 egregio
1759 3354 1981 3424 adolescente
1992 3351 2125 3439 Fabio,
2157 3376 2232 3420 non
2248 3354 2389 3421 minore

363 3449 470 3523 huius
488 3452 558 3521 loci
580 3464 746 3542 tractare.
806 3450 917 3530 Plane
939 3453 1145 3545 syllogismo
1170 3454 1348 3544 contraria
1401 3451 1557 3525 bostium
1584 3457 1848 3542 admiratione,
1866 3479 1974 3549 quam
1998 3468 2134 3538 vestra,
2159 3467 2388 3544 conspectum

363 3552 797 3648 formaargumentandi,
830 3555 991 3636 inductio
1014 3554 1140 3650 cst“).
1190 3557 1246 3626 Ab
1271 3554 1351 3623 uni·
1402 3570 1475 3640 est,
1513 3561 1622 3651 quom
1655 3558 1750 3626 inter
1771 3557 1906 3627 Gallica
1938 3556 2005 3623 tela
2030 3556 2207 3647 digressus
2232 3579 2275 3624 ex
2297 3579 2390 3643 arce,

364 3653 560 3732 versalibus
583 3657 636 3748 ad,
653 3656 846 3749 singularia
870 3657 1096 3750 syllogismus
1110 3655 1351 3749 progreditur,
1401 3660 1561 3729 sollenne
1587 3657 1719 3727 Fabiae
1750 3649 1878 3750 gentis
1896 3658 1933 3723 in
1966 3658 2054 3726 colle
2080 3657 2260 3750 Quirinali
2288 3658 2389 3728 obiit.
2438 3660 2441 3666 '

365 3757 524 3827 inductio
546 3758 821 3850 asingularibus¹
839 3762 885 3828 ad
902 3759 1130 3833 universalia.
1180 3755 1351 3828 lmmuta-
1400 3763 1458 3832 An
1491 3760 1633 3851 gentilia
1667 3763 1767 3831 'sacra
1803 3783 1849 3828 ne
1892 3759 1930 3826 in
1966 3760 2060 3846 bello
2099 3759 2243 3853 quidem
2279 3761 2394 3856 inter-¹

363 3859 458 3958 veris
481 3884 628 3952 prorsus
649 3860 897 3936 inductionum
921 3875 1107 3949 naturam,
1131 3859 1161 3932 si
1183 3861 1220 3930 io
1244 3860 1351 3953 syllo-
1401 3864 1515 3947 mitti,
1550 3862 1689 3952 publica
1713 3886 1812 3931 sacra
1836 3873 1871 3930 et
1893 3859 2081 3930 Romanos
2104 3864 2190 3931 deos
2216 3862 2323 3930 etiam
2349 3863 2389 3930 in

364 3961 469 4055 gismi
493 3964 647 4032 formam
670 3964 837 4056 coegeris.
888 3962 1013 4054 lamet
1028 3963 1245 4034 inductionis
1259 3965 1350 4032 duae
1402 3989 1489 4056 pace
1512 3965 1625 4034 deseri
1651 3963 1791 4056 placet?
1842 3963 2013 4033 Formam
2037 3960 2143 4034 huius
2167 3964 2306 4053 generis
2323 3986 2389 4052 per

364 4077 448 4140 sunt
471 4078 609 4136 tantum
640 4078 778 4159 partes,
811 4068 1041 4151 antecedens,
1075 4068 1171 4160 qnod
1194 4065 1351 4157 singula·
1401 4091 1476 4138 sese
1499 4066 1795 4157 simplicissimam
1813 4066 1932 4136 licebit
1946 4062 2134 4135 rhetoricis
2150 4061 2388 4134 schematibus

364 4168 458 4253 rium
482 4168 751 4240 coacervatione
772 4180 930 4254 constat,
956 4182 992 4239 et
1006 4192 1244 4262 consequens,
1270 4166 1350 4240 uni·

364 4271 518 4360 versele,
548 4271 732 4358 collectum
758 4297 777 4341 e
799 4271 1047 4361 singularibus.
1112 4274 1160 4342 At
1181 4273 1219 4340 in
1243 4271 1350 4363 syllo-
1402 4274 1497 4366 apud
1514 4284 1656 4361 poetam
1676 4270 1751 4342 est?

365 4372 478 4463 memo
504 4388 575 4443 tres
598 4386 717 4466 partes
740 4387 841 4460 sunt,
874 4373 1009 4457 maior,
1043 4373 1183 4456 minor,
1217 4386 1254 4442 et
1277 4397 1351 4442 me·
1452 4371 1500 4442 At
1514 4398 1588 4441 non
1602 4374 1660 4441 ille
1677 4386 1813 4461 satum,
1839 4397 1911 4467 quo
1933 4386 1967 4442 te
1983 4370 2164 4456 mentiris,
2189 4365 2339 4450 Achille,

366 4473 479 4544 dium.
545 4474 643 4568 Ergo
671 4478 762 4547 sieut
787 4472 1044 4569 enthymemati
1065 4498 1148 4564 pars
1172 4477 1349 4569 quaedam
1451 4475 1552 4546 Talis
1569 4474 1607 4543 in
1624 4471 1727 4545 hoste
1740 4476 1807 4546 fuit
1820 4469 2037 4566 Priamooe).

365 4576 560 4669 syllogismi
589 4580 705 4661 deest,
740 4579 789 4648 ita
818 4591 853 4647 et
869 4576 1087 4651 inductioni.
1145 4574 1186 4645 lu
1210 4600 1350 4646 coacer-
1402 4567 1616 4648 Observabit
1638 4578 1817 4649 studiosus
1840 4580 1952 4648 lector
1976 4575 2014 4642 in
2041 4563 2238 4667 poetisw),
2270 4585 2390 4642 orato-

368 4676 494 4748 vandis
532 4678 770 4771 singularibus
807 4682 1062 4772 praestandum
1103 4692 1173 4765 est,
1212 4692 1251 4749 ut
1290 4692 1353 4748 aut
1402 4681 1520 4767 ribus,
1549 4675 1746 4767 historicis,
1780 4705 1885 4774 quam
1919 4680 1989 4747 late
2018 4688 2141 4768 pateat
2166 4671 2255 4754 haec
2286 4698 2390 4765 argu·

367 4779 487 4849 omnia
520 4797 841 4866 connumerentur,
874 4796 935 4853 aut
967 4783 1145 4850 diversum
1178 4782 1349 4876 quiddam
1403 4782 1588 4851 mentandi
1608 4782 1714 4852 ratio.
1757 4781 1804 4851 Et
1828 4782 2069 4873 exemplorum
2090 4778 2235 4870 quidam
2255 4776 2391 4867 praeei-

366 4907 441 4952 uon
472 4896 661 4976 appareat,
689 4898 729 4955 ut
749 4887 778 4956 si
798 4884 847 4956 sic
871 4881 1147 4978 argumenteris:
1179 4880 1352 4975 Virgilius
1403 4910 1494 4978 puus
1524 4896 1576 4955 est
1603 4884 1641 4952 in
1665 4885 1984 4955 consultationibus
2006 4905 2107 4966 usus,
2138 4880 2201 4949 ubi
2222 4891 2390 4948 eventurn

367 4998 420 5056 est
444 4986 563 5069 albus,
596 4983 719 5056 Cicero
742 5000 792 5058 est
815 4988 933 5070 albus,
961 4987 1080 5079 inepte
1102 4999 1353 5082 consequetur,
1403 4999 1547 5058 nostrae
1562 4983 1704 5056 caussae
1718 4987 1978 5078 praesumimus
1996 5006 2038 5051 ex
2054 4981 2116 5068 iis,
2143 5004 2235 5075 quae
2252 4982 2297 5049 ab
2313 4979 2392 5050 aliis

367 5112 510 5157 omnem
535 5083 720 5158 hominem
745 5114 817 5181 csse
837 5092 978 5177 album,
1004 5089 1148 5184 quando
1171 5088 1351 5160 diversum
1405 5092 1529 5158 eodem
1548 5087 1659 5157 ferme
1676 5089 1826 5160 consilio
1843 5100 1937 5180 gesta
1955 5097 2054 5170 sunt,
2080 5095 2121 5154 ut
2135 5086 2231 5176 apud
2246 5079 2391 5151 Livium

367 5204 518 5283 apparet
538 5190 576 5258 in
597 5186 844 5284 Aethiopibus.
895 5193 974 5261 Hoc
997 5191 1272 5286 argumentandi
1294 5215 1353 5282 ge·
1405 5191 1564 5286 Scipioni
1587 5189 1768 5261 Hannibal
1793 5192 1861 5260 ait:
1903 5188 2011 5281 Quod
2036 5198 2075 5256 tu
2099 5210 2195 5257 nunc
2213 5210 2269 5267 es,
2295 5184 2391 5252 idem

366 5311 453 5360 nere
486 5317 594 5361 nemo
623 5294 843 5387 frequentius
868 5294 1013 5366 Socrate
1045 5296 1140 5385 apud
1163 5293 1352 5362 Platonem
1405 5289 1471 5385 ego
1494 5285 1592 5363 eram
1615 5295 1659 5361 ad
1681 5291 1871 5377 Trebiam,
1897 5287 2208 5382 Thrasymeuum,
2236 5284 2390 5356 Cannas.

366 5418 451 5463 usus
477 5408 546 5481 est,
572 5399 697 5482 credo,
724 5400 819 5489 quod
844 5399 988 5466 videbat
1003 5396 1166 5487 proxime
1189 5397 1233 5463 ad
1251 5408 1354 5464 natu·
1404 5394 1480 5465 Iam
1497 5397 1541 5464 ad
1558 5396 1800 5487 exemplorum
1817 5395 1996 5464 rationem
2009 5393 2191 5484 pertinent
2201 5401 2401 5480 poetarum.

366 5497 478 5566 ralem
496 5521 638 5568 sensum
655 5502 845 5593 quadrare.
892 5500 1060 5570 Pluribus
1075 5498 1261 5568 artificium
1279 5496 1355 5568 eius

664 1175 730 1247 De
761 1162 1043 1249 inductione.

1439 5662 1487 5726 ott)
1508 5665 1607 5709 aristot.
1628 5671 1727 5723 marga
1754 5659 1897 5708 blvisnunr
1914 5641 2076 5721 exemptsim.

400 5766 450 5825 67)
468 5769 571 5819 manat.
590 5780 697 5830 narn:
724 5764 864 5828 Quomodo
883 5761 1029 5815 convertet
1046 5763 1196 5816 torculari
1213 5753 1274 5816 coss
1290 5766 1356 5829 syt-
1440 5746 1488 5812 ⁶⁹)
1509 5746 1609 5809 Vl‘ssll·
1630 5746 1698 5797 ¹⁴⁰⁰·
1711 5744 1745 5810 ΙΙ,
1756 5745 1808 5794 ⁵⁴⁰
1821 5757 1866 5807 *t-

437 5835 562 5897 togtsno.
892 5845 895 5850 ·
1043 5835 1088 5852 ¹·
1219 5847 1221 5855 ·
1308 5835 1311 5842 '
1444 5831 1493 5899 70)
1510 5832 1608 5881 barret.
1626 5839 1731 5894 larg:
1754 5829 1913 5879 lttsstnttts.
