5534 6700
259 619 338 701 4⁸6
530 619 590 697 ΙΙΙ.
640 620 707 695 DE
733 621 1010 699 ELEC'l'lONE
1034 621 1099 703 ET,
1126 618 1479 699 cohortantem:
1505 615 1686 693 cauom
1710 616 1755 693 V.
1781 615 2019 693 CAESARIS.
2167 636 2175 649 ‘
2214 621 2293 696 486

257 794 442 889 diligentia
458 793 498 865 in
515 795 684 869 omnibus
699 798 806 869 rebus
820 795 1072 890 providendis,
1096 818 1190 889 quae
1203 795 1250 865 ad
1301 791 1381 864 Deo
1404 792 1599 864 adiuvante
1617 790 1754 885 optima
1768 792 1838 862 lide
1852 792 2011 863 facturos
2025 814 2101 863 esse
2113 791 2169 878 id,
2192 796 2293 888 quod

257 897 489 993 imperatoris
518 921 643 971 curam
674 900 879 992 pertinent,
920 910 1019 969 tanta
1049 897 1179 982 fuerit,
1206 909 1250 967 ut
1299 895 1525 989 postularent
1537 895 1651 986 leges,
1677 906 1713 964 et
1724 893 1888 965 instituta
1901 894 2097 979 maiorum,
2115 906 2152 966 et
2163 894 2292 988 religio

256 1000 560 1096 peritissimorum
583 1002 804 1090 confessione
830 1024 939 1072 nemo
966 1001 1000 1072 ei
1024 1003 1156 1072 ducum
1181 995 1250 1069 boc
1298 997 1553 1082 iurisiurandi,
1577 998 1677 1093 quod
1691 996 1884 1069 dedissent
1916 1000 1919 1005 ’

256 1119 422 1198 tempore
444 1105 694 1175 anteferendus
708 1104 767 1176 sit.
815 1100 961 1175 Etenim
978 1105 1077 1198 quod
1092 1099 1162 1174 hoc
1176 1103 1251 1173 bel·
1402 1100 1553 1172 Miserat
1573 1113 1694 1171 autem
1717 1100 1843 1172 Gallus
1861 1098 1972 1192 paulo
1995 1111 2078 1169 ante
2094 1099 2232 1192 legatos
2251 1100 2294 1171 in

254 1207 333 1277 lum
349 1230 425 1277 non
441 1218 580 1275 tantum
597 1206 765 1298 auspiciis
779 1204 911 1299 ipsius,
927 1209 996 1278 -sed
1011 1206 1119 1277 etiam
1133 1204 1265 1277 consi·¹
1299 1202 1524 1287 Helvetium,
1549 1203 1774 1299 petieratque
1794 1201 1906 1273 indici
1927 1215 2166 1287 conventum,
2191 1204 2293 1297 quod

255 1308 315 1381 liis
338 1322 374 1379 et
388 1311 498 1379 ductu
510 1321 647 1399 gestum
663 1309 788 1379 fuerit:
822 1310 898 1403 ipse
913 1308 992 1380 loca
1007 1309 1131 1381 castris
1148 1332 1250 1401 cepe·
1298 1330 1367 1399 pro
1391 1306 1505 1377 veteri
1527 1306 1705 1389 amicitia,
1730 1330 1824 1400 quae
1841 1304 2014 1377 Helvetiis
2027 1304 2095 1375 tuit
2111 1329 2192 1377 cum
2206 1305 2293 1376 Gal·

255 1411 326 1495 rit,
351 1410 510 1481 intentus
529 1411 638 1481 fucrit
658 1411 698 1481 in
713 1412 917 1482 occasiones
932 1412 1135 1504 pugnandi;
1165 1434 1250 1503 pro·
1298 1409 1369 1479 lico
1390 1432 1524 1501 regno,
1548 1410 1725 1503 quaedam
1745 1409 1793 1477 ad
1814 1407 2005 1480 utilitatem
2025 1407 2193 1500 Europae
2210 1432 2291 1500 per·

255 1513 401 1596 viderit,
425 1525 466 1583 ut
483 1535 558 1582 non
573 1508 686 1585 hostis
701 1514 866 1599 arbitrio,
886 1517 949 1586 scd
962 1539 1028 1586 suo
1042 1514 1249 1593 dimicaret;
1298 1511 1473 1595 tinentia,
1497 1512 1544 1580 ad
1570 1512 1667 1603 ipsos
1690 1511 1824 1582 referre
1841 1522 1999 1603 cuperet
2047 1508 2188 1580 lndicto
2207 1534 2296 1581 cou-

255 1610 437 1687 rationem
451 1614 587 1702 inierit,
609 1640 764 1712 quarum
780 1619 917 1688 arcium
934 1616 1157 1710 oppugnatio
1172 1629 1250 1686 ten·
1299 1626 1431 1697 ventu,
1468 1626 1708 1707 exposuerant
1735 1611 1864 1705 legati,
1901 1612 2037 1705 Regem
2059 1611 2292 1684 Franciscum

255 1720 367 1790 tanda
392 1729 502 1801 esset,
533 1718 597 1789 ubi
619 1714 733 1792 hostis
756 1719 837 1791 elici
858 1734 989 1812 posset.
1047 1720 1142 1815 Quia
1162 1743 1249 1789 vero
1298 1741 1339 1787 re
1353 1716 1551 1789 deliberata
1566 1742 1647 1788 cum
1663 1715 1813 1790 summis
1827 1714 2052 1808 principibus
2065 1711 2293 1801 Christianis,

255 1819 297 1891 in
317 1817 601 1913 imperatoribus
622 1846 697 1893 non
721 1823 841 1894 minus
856 1822 1025 1906 felicitas,
1051 1847 1160 1918 quam
1175 1825 1250 1893 lor·
1300 1816 1554 1891 adhortatione
1576 1820 1685 1891 etiam
1708 1820 1959 1913 quorundam,
1984 1842 2141 1914 quorum
2155 1820 2293 1911 praeci·

255 1923 374 1995 titudo
396 1925 590 2016 spectanda
611 1925 676 1996 sit:
709 1922 883 1997 hactenus
903 1925 1020 1996 Deum
1041 1926 1172 1997 favisse
1194 1925 1250 1995 in·
1298 1947 1370 2017 pua
1405 1921 1452 1993 sit
1481 1924 1675 2007 autoritas,
1709 1933 1746 1993 et
1776 1922 1943 1994 voluntas
1977 1944 2061 2014 erga
2096 1921 2292 2014 rempubli-

256 2026 368 2118 ceptis
384 2025 494 2118 Regia
507 2025 710 2112 Francisci,
735 2041 772 2099 et
794 2029 833 2098 in
848 2052 947 2120 spem
964 2052 1089 2101 omnes
1106 2028 1249 2114 adduci,
1299 2050 1378 2096 cam
1394 2021 1636 2097 Christianam
1653 2024 1811 2118 optima,
1837 2024 2081 2110 constituisse,
2107 2036 2230 2117 petere
2246 2025 2290 2094 ab

255 2141 406 2221 propter
430 2140 588 2203 caeteras
610 2130 686 2204 eius
700 2132 850 2204 virtutes
862 2126 957 2203 hanc
969 2131 1174 2205 felicitatem
1195 2131 1250 2203 di·
1297 2127 1543 2213 Electoribus,
1570 2141 1611 2200 ut
1635 2128 1842 2220 designetur
1865 2127 2054 2200 Romanus
2077 2124 2292 2220 Imperator.

255 2243 428 2302 uturnam
444 2232 535 2305 fore.
1299 2231 1598 2302 Commemorant
1629 2227 1723 2301 nihil
1753 2231 1809 2316 vi,
1855 2227 1948 2301 nihil
1978 2255 2045 2324 per
2077 2229 2293 2302 seditionem

358 2337 409 2404 At
437 2329 531 2403 nihil
565 2348 659 2418 ess'e,
693 2338 791 2429 quod
817 2335 1027 2408 Germanici
1057 2336 1250 2428 principes,
1297 2335 1478 2406 iacturum
1511 2358 1585 2406 esse
1619 2346 1745 2404 contra
1772 2334 2039 2407 Germanorum
2071 2334 2292 2412 libertatem

254 2434 430 2506 accersito
444 2433 545 2527 Rege
561 2437 713 2521 Galliae,
734 2451 898 2509 metuant
914 2439 1028 2508 veteri
1042 2462 1128 2509 suae
1143 2439 1250 2509 liber·
1299 2439 1361 2507 sed
1376 2435 1583 2507 Electorum
1599 2434 1798 2528 suffragiis,
1829 2449 1866 2507 et
1880 2436 2067 2509 autoritati
2086 2435 2292 2531 pontificiae

254 2538 345 2621 tati,
370 2561 452 2609 cum
474 2550 510 2608 et
527 2539 604 2609 Rex
624 2564 687 2612 sua
712 2540 899 2611 voluntate
916 2541 1013 2632 leges
1032 2554 1069 2610 et
1086 2540 1249 2611 instituta
1299 2562 1376 2609 rem
1406 2537 1665 2631 permissurum
1696 2562 1783 2612 esse.
1847 2538 1919 2610 Sed
1941 2543 1987 2610 ad
2011 2537 2082 2611 hoc
2101 2540 2293 2613 consilium

254 2642 440 2711 maiorum
466 2641 622 2712 libenter
653 2643 838 2729 observet,
872 2656 908 2715 et
924 2642 1150 2731 Electoribus
1169 2667 1252 2736 per-
1299 2641 1405 2711 initio
1428 2641 1677 2733 adiungendos
1696 2641 1838 2712 duxisse
1853 2641 2055 2727 Helvetios,
2084 2656 2145 2728 ut,
2168 2644 2200 2715 si
2211 2642 2293 2713 Ele·

253 2742 429 2817 missurus
449 2743 513 2826 sit,
538 2756 579 2814 ut
603 2745 827 2817 conditiones
849 2746 987 2830 lerant,
1012 2769 1197 2840 quaseum
1211 2746 1251 2815 in
1301 2757 1441 2815 ctorum
1463 2744 1642 2837 suffragiis
1662 2744 1773 2816 luerit
1797 2745 1948 2830 electus,
1980 2744 2052 2838 ipsi
2070 2768 2147 2814 non
2164 2747 2293 2816 adver·

254 2844 466 2937 accipiendo
480 2845 636 2937 imperio
649 2871 794 2919 servare
807 2848 930 2921 velint.
975 2848 1070 2942 Quia
1083 2848 1162 2919 Rex
1175 2872 1252 2919 non
1299 2860 1443 2927 sentur;
1473 2849 1537 2919 sed
1561 2849 1682 2940 potius
1705 2846 1830 2919 sintin
1845 2846 2028 2940 partibus,
2062 2859 2098 2917 et
2111 2843 2206 2918 banc
2221 2848 2294 2917 ele-

255 2947 366 3018 aliam
389 2948 436 3017 ob
460 2971 604 3019 causam
622 2962 723 3041 petat
742 2951 956 3042 imperium,
982 2950 1166 3046 nisiquod
1183 2952 1252 3023 toti
1300 2949 1457 3021 ctionem
1481 2974 1554 3021 una
1576 2952 1782 3022 defendant,
1840 2950 1950 3044 Quod
1972 2963 2012 3023 ut
2029 2949 2184 3036 facmnt,
2215 2973 2293 3020 non

254 3048 399 3121 nomini
428 3046 634 3122 Christiano
669 3047 763 3123 hanc
795 3052 936 3124 Galliae
960 3053 1251 3149 Germaniaeque
1299 3054 1411 3123 modo
1434 3064 1536 3126 vetus
1559 3077 1640 3123 cum
1658 3053 1770 3126 Gallis
1793 3052 1970 3138 amicitia,
1995 3053 2137 3124 'mutuis
2160 3053 2294 3125 utrius·

256 3152 548 3224 coniunctionem
577 3156 733 3225 maxime
750 3158 978 3247 profuturam
1005 3182 1078 3228 esse
1101 3157 1250 3228 iudicet:
1300 3180 1371 3251 que
1397 3154 1513 3247 gentis
1544 3157 1725 3228 beneficiis
1750 3157 1984 3242 confirmata,
2018 3180 2080 3227 eos
2106 3152 2293 3235 hortetur;

256 3277 352 3352 quae
385 3255 592 3327 coniunctio
626 3281 702 3327 non
736 3271 827 3329 esset
855 3259 1026 3330 diuturna
1054 3272 1090 3329 et
1113 3260 1251 3333 stabilis
1299 3260 1362 3330 sed
1398 3258 1506 3329 etiam
1542 3260 1639 3331 salus
1668 3259 1779 3331 totius
1813 3253 2010 3331 Christiani
2042 3258 2160 3345 orbis,
2207 3260 2294 3355 quia

254 3361 400 3443 futura,
434 3359 466 3430 si
497 3360 661 3431 alterutri
693 3360 834 3432 nationi
865 3363 1013 3434 libertas
1039 3363 1250 3455 eriperetur.
1298 3358 1390 3433 haec
1408 3363 1535 3455 petitio
1556 3363 1749 3455 praecipue
1770 3359 1866 3434 hanc
1888 3364 1936 3434 ob
1959 3386 2102 3434 causam
2128 3363 2293 3434 instituta

254 3459 424 3556 Eamque
445 3462 590 3532 obrem
613 3464 911 3555 promittebatur,
937 3465 1073 3558 Regem
1089 3491 1165 3536 non
1180 3468 1252 3537 col·
1300 3465 1367 3549 sit,
1404 3468 1504 3559 qnod
1530 3468 1577 3536 ad
1602 3490 1727 3558 pacem
1753 3465 1800 3538 in·
1816 3463 1966 3557 Europa
1992 3465 2293 3547 constituendam,

255 3565 463 3636 locaturum
494 3588 569 3636 esse
591 3565 728 3636 Gallica
756 3568 936 3660 praesidia
965 3569 1005 3637 in
1033 3568 1251 3651 Germania;
1301 3581 1337 3638 et
1360 3569 1409 3638 ad
1430 3569 1660 3663 depellendos
1678 3569 1836 3652 Tuccas,
1861 3564 1954 3638 nihil
1980 3566 2132 3659 cogitari
2153 3589 2294 3638 accom-

257 3668 322 3740 sed
337 3666 574 3739 Germanicos
593 3670 766 3740 exercitus
780 3696 846 3742 suo
860 3672 1041 3764 stipendio
1058 3673 1253 3743 conductu·
1300 3671 1484 3742 modatius
1506 3670 1639 3763 possit,
1673 3692 1783 3767 quam
1806 3670 2012 3741 coniunctio
2033 3668 2177 3754 ltaliae,
2207 3670 2295 3741 Gal·
2405 3757 2408 3762 Ι

256 3793 343 3841 rum
365 3794 460 3855 esse,
487 3771 617 3865 quibus
639 3774 685 3842 de
708 3774 858 3845 consilio
882 3774 1109 3868 principum,
1134 3774 1253 3848 Duces
1300 3774 1371 3843 liae
1397 3786 1433 3843 ct
1456 3774 1692 3843 Germaniae:
1733 3796 1827 3869 quae
1848 3772 1879 3843 si
1900 3774 2130 3866 procederet,
2157 3764 2293 3843 bellum

257 3872 488 3958 Germanici,
515 3899 671 3967 quorum
696 3877 810 3948 virtus
828 3890 864 3949 et
881 3879 969 3950 tides
984 3879 1135 3971 probata
1150 3891 1253 3964 esset,
1301 3889 1398 3946 terra
1419 3877 1584 3971 marique
1608 3879 1779 3948 adversus
1795 3875 1934 3949 Tuccas
1954 3876 2034 3946 Rex
2055 3888 2220 3960 moturus
2240 3900 2296 3948 es-

259 3976 550 4070 praeficerentur.
1301 3991 1366 4050 set.
1415 3977 1480 4050 Est
1501 3993 1622 4050 autem
1638 3979 1824 4050 Helvetiae
1839 3980 1928 4051 situs
1943 3992 2190 4072 opportunus,
2220 3979 2295 4071 pri·

364 4078 631 4152 Ostendebatur
648 4080 777 4166 etiam,
802 4105 893 4176 quas
909 4083 1183 4154 commoditates
1202 4083 1254 4153 al·
1301 4105 1404 4152 mum
1437 4082 1485 4152 ad
1517 4080 1641 4153 Italiae
1677 4082 1974 4179 tranquillitatem
2015 4082 2293 4158 defendendam

259 4184 379 4252 latura
400 4183 576 4275 paulatim
601 4196 692 4256 esset
712 4183 935 4278 principibus
951 4181 1041 4258 haec
1062 4186 1253 4258 nationum
1301 4185 1432 4256 deinde
1463 4187 1510 4255 ad
1545 4186 1789 4280 expeditiones
1821 4186 1867 4255 ad
1908 4185 2025 4253 vicina
2057 4181 2181 4253 ltaliae
2214 4183 2294 4253 loca

259 4283 490 4373 coniunctio,
529 4311 612 4355 cum
643 4286 722 4356 Rex
750 4289 860 4357 etiam
884 4288 1031 4362 Gallicis
1056 4289 1254 4362 ditionibus
1301 4289 1556 4382 suscipiendas.
1613 4286 1737 4384 Itaque
1764 4288 1927 4358 ferebant
1946 4286 2082 4378 Regem
2107 4286 2296 4357 adiunctu-

259 4390 462 4459 donaturus
485 4401 576 4462 esset
591 4389 808 4461 Germaniae
824 4390 1023 4484 principes,
1054 4392 1146 4464 sicut
1162 4392 1253 4466 'olim
1301 4415 1386 4462 rum
1407 4415 1484 4464 esse
1506 4390 1646 4465 Gallico
1672 4391 1848 4485 equitatui
1870 4389 2095 4461 Helveticum
2118 4390 2294 4483 peditem:

217 4511 222 4520 '
259 4491 329 4564 sub
366 4488 499 4562 Carolo
524 4491 660 4584 Magno
695 4493 809 4588 aliqui
842 4494 1024 4587 principes
1057 4496 1255 4568 tenuissent
1302 4496 1412 4588 idque
1436 4495 1551 4566 robur
1572 4519 1614 4565 ac
1636 4519 1767 4566 nervos
1791 4490 1987 4566 Christiani
2009 4492 2183 4565 exercitus
2204 4493 2294 4564 fore.

260 4591 405 4686 amplos
423 4593 647 4687 principatus
666 4595 706 4664 in
727 4609 883 4691 utroque
905 4622 1030 4690 regno.
1301 4598 1388 4670 Non
1408 4598 1505 4669 enim
1524 4599 1712 4670 dubitabat
1724 4596 1803 4669 Rex
1824 4599 1979 4668 libenter
1994 4609 2166 4667 venturos
2180 4595 2220 4663 in
2237 4619 2295 4665 so-

366 4693 466 4766 Haec
480 4699 553 4767 lere
568 4722 709 4769 summa
724 4700 793 4770 tuit
809 4701 969 4771 Gallicae
985 4700 1174 4787 orationis,
1197 4702 1255 4773 cui
1303 4700 1469 4771 rietatem
1489 4702 1641 4794 periculi
1660 4725 1853 4794 generosos
1869 4699 2117 4771 Helvetiorum
2136 4697 2296 4791 spiritus,

262 4810 343 4870 erat
357 4799 497 4870 adiecta
514 4795 741 4887 adhortatio,
766 4816 807 4874 ut
819 4802 1000 4876 Electores
1015 4829 1092 4874 non
1115 4805 1256 4876 amitte·
1304 4804 1390 4898 quia
1414 4805 1514 4875 nulla
1539 4817 1654 4874 aetate
1672 4803 1819 4888 iustius,
1847 4815 1910 4873 aut
1926 4802 2040 4895 magis
2053 4799 2296 4871 necessarium

260 4913 348 4973 rent
374 4896 470 4974 hanc
491 4905 716 4976 occasionem
739 4906 1011 5000 coniungendae
1036 4908 1255 4980 Germaniae
1303 4907 1436 4978 bellum
1464 4931 1626 5003 unquam
1651 4919 1788 5000 gestum
1814 4905 1871 4977 sit.
1931 4904 2174 4997 Depellendus
2197 4915 2252 4974 est
2273 4925 2296 4972 a

261 5029 348 5092 cum
370 5003 506 5077 Gallia:
541 5011 639 5102 quod
662 5032 705 5078 ea
723 5033 781 5081 res
804 5010 996 5084 Germanis
1022 5024 1113 5084 esset
1133 5013 1256 5082 futura
1302 5012 1437 5082 nostris
1457 5011 1654 5082 cervicibus
1668 5007 1800 5095 hostis,
1825 5008 1887 5104 qui
1904 5032 1980 5078 non
1994 5009 2038 5078 de
2054 5006 2169 5099 gloria
2183 5005 2297 5098 impe·

260 5107 434 5201 gloriosa,
459 5110 537 5204 qui,
563 5108 631 5182 hac
643 5111 776 5182 virium
793 5115 993 5186 accessione
1007 5115 1114 5200 sacta,
1139 5115 1255 5184 multo
1302 5114 1369 5198 rii,
1400 5127 1442 5184 ut
1464 5127 1602 5185 veteres
1625 5108 1863 5194 Monarchae,
1902 5112 1996 5181 bella
2023 5109 2132 5203 gerit;
2173 5110 2237 5180 sed
2256 5121 2299 5179 ut
2354 5111 2357 5116 ’

261 5222 382 5284 ment
401 5213 515 5284 futuri
539 5217 585 5285 ad
607 5238 664 5286 res
678 5215 853 5288 maximas
865 5220 1040 5310 gerendas
1052 5217 1257 5290 instructio-
1303 5217 1516 5309 religionem
1528 5215 1772 5288 Christianam
1796 5217 1930 5299 deleat,
1958 5226 2000 5285 ut
2013 5213 2219 5284 universam
2243 5211 2299 5281 di·

262 5337 339 5393 teas
377 5326 413 5382 et
442 5319 542 5410 quod
577 5320 625 5388 ad
656 5320 902 5390 defensionem
926 5320 1117 5414 Europae,
1147 5323 1256 5391 etad
1304 5320 1492 5413 sciplinam
1510 5321 1664 5404 civilem,
1689 5332 1731 5391 ut
1746 5320 1826 5390 iura
1844 5317 2161 5388 matrimoniorum
2181 5314 2299 5398 tollat,

265 5411 462 5488 ffiristiani
484 5420 583 5492 orbis
605 5422 903 5517 tranquillitatem
918 5420 1011 5494 nihil
1026 5419 1094 5496 hac
1107 5425 1257 5496 coniun-
1303 5436 1347 5494 ut
1369 5426 1415 5494 ad
1439 5436 1562 5517 stupra
1584 5435 1726 5496 nostras
1752 5422 1922 5513 coniuges
1943 5446 1984 5491 ac
2006 5420 2140 5491 liberos
2166 5418 2299 5510 rapiat,

263 5517 383 5592 ctione
399 5536 521 5613 posset
533 5524 656 5594 utilius
671 5526 822 5617 cogitari
838 5550 880 5596 ac
899 5527 1063 5621 reperiri.
1113 5526 1258 5598 Recita·
1304 5526 1515 5597 liberandae
1544 5541 1628 5598 sunt
1657 5521 1726 5596 hac
1753 5524 1956 5596 miserrima
1979 5524 2152 5595 servitute
2176 5533 2300 5613 gentes

260 5620 312 5692 tis
329 5621 533 5715 legatorum
558 5627 690 5713 literis,
721 5629 879 5700 breviter
897 5631 1163 5723 responderunt
1176 5630 1257 5703 Ele·
1305 5630 1464 5715 vicinae,
1496 5655 1589 5725 quae
1612 5630 1799 5701 nobiscum
1822 5628 1995 5720 religione
2016 5640 2052 5697 et
2074 5625 2154 5695 aliis
2177 5623 2300 5695 multis

261 5736 401 5800 ctores:
443 5743 584 5823 gratam
611 5730 681 5802 sibi
708 5757 783 5804 esse
804 5734 1095 5806 benevolentiam
1114 5734 1257 5829 Regum
1305 5733 1511 5806 foederibus
1534 5746 1640 5804 antea
1662 5734 1874 5804 coniunctae
1893 5734 2051 5803 fuerunt.
2117 5726 2193 5796 Hae
2217 5737 2301 5798 sunt

262 5851 352 5923 erga
383 5857 520 5908 nomen
546 5835 821 5921 Germanicum
862 5838 925 5911 sed
949 5838 995 5908 de
1019 5837 1193 5912 electione
1219 5863 1257 5913 se
1306 5861 1434 5912 musae
1466 5861 1592 5932 graves
1621 5850 1658 5909 et
1685 5835 1916 6011 iustaeapipis
1941 5833 2096 5906 fortibus
2118 5851 2220 5900 arma
2243 5852 2301 5900 ca-
