5534 6700
341 598 344 605 -
439 564 514 639 039
957 554 1080 628 Plllb.
1108 553 1221 627 MEL.
1248 551 1452 625 SCRIPTA
1476 550 1608 621 VARll
1634 550 1937 624 ARGUMENTI.
2395 554 2477 628 640

438 735 592 808 ecclesiis
620 743 769 825 propter
797 728 912 798 studia
946 741 981 794 et
1013 728 1059 794 ad
1094 727 1240 795 alendos
1265 739 1425 817 pastores
1450 765 1453 811 t
1476 737 1598 794 neant.
1650 723 1697 793 Et
1712 723 1799 793 novi
1813 749 1854 792 ac
1874 724 2056 816 peregrini
2079 724 2192 814 magis
2216 735 2300 794 sunt
2325 725 2473 795 obnoxii

438 848 650 908 manserunt
668 856 775 923 penes
792 824 1003 898 Monachos.
1449 814 1454 897 l
1477 826 1648 895 invidiae.
1699 827 1791 894 Hinc
1815 827 1982 895 oriuntur
2006 826 2202 894 cer'tamina
2225 838 2261 893 et
2286 825 2471 901 factiones.

542 938 631 1007 Cum
653 945 770 1001 autem
796 931 867 998 iam
894 943 1078 999 mutentur
1099 928 1341 1011 Monasteria,
1372 951 1427 995 re·
1477 928 1670 997 Prodesset
1684 930 1984 997 tamenadlamae
2000 927 2240 996 celebritatem
2257 927 2344 996 addi
2358 954 2472 1000 unum

440 1041 633 1110 ctissimnm
660 1046 730 1114 est,
772 1045 812 1100 ut
835 1034 929 1100 bona
954 1055 1076 1102 rursus
1099 1033 1359 1101 transferantur
1381 1032 1426 1097 ad
1480 1031 1649 1122 aliquem,
1665 1030 1728 1120 qui
1749 1032 1974 1099 antecelleret
1990 1030 2150 1112 caeteris,
2178 1042 2212 1097 et
2229 1031 2323 1098 tueri
2340 1035 2476 1104 virtute

439 1133 795 1212 iuvandasecclesias
818 1147 853 1202 et
873 1130 1031 1217 scholas,
1064 1158 1103 1200 ac
1127 1136 1171 1201 ad
1196 1134 1342 1201 alendos
1365 1155 1427 1221 pa·
1478 1133 1597 1201 locum
1616 1144 1747 1222 posset.
1800 1132 1926 1200 Talem
1943 1133 2061 1201 iudico
2078 1155 2151 1200 esse
2165 1127 2390 1202 Ioachimum
2409 1136 2476 1204 Ca-

439 1255 553 1315 stores
582 1250 617 1306 et
644 1259 818 1328 pauperes
849 1233 1089 1305 scholasticos.
1154 1235 1270 1305 Nemo
1298 1233 1429 1300 militat
1480 1235 1696 1317 mererium,
1722 1233 2121 1327 quiTnbingaeest¹¹),
2148 1233 2210 1325 qui
2227 1248 2378 1325 propter
2395 1263 2478 1308 eru-

440 1345 513 1417 suis
528 1339 733 1431 stipendiis,
756 1338 875 1430 inquit
888 1336 1092 1428 Paulus⁶‘).
1122 1334 1168 1404 Et
1180 1333 1248 1403 hae
1266 1359 1351 1426 opes
1367 1337 1427 1402 da·
1480 1337 1656 1405 ditionem
1682 1360 1813 1425 magno
1838 1337 1917 1405 usui
1949 1349 2039 1404 esset
2067 1337 2208 1405 futurus
2233 1333 2406 1422 Scholae,
2442 1355 2478 1409 et

440 1442 538 1540 tae⁶)
552 1439 821 1521 suntEcclesiis,
847 1453 887 1508 ut
902 1440 974 1508 sint
989 1439 1163 1529 stipendia
1181 1438 1385 1506 docentium
1396 1437 1428 1531 7)
1481 1463 1600 1507 mores
1626 1438 1701 1507 eius
1718 1450 1801 1506 sunt
1824 1437 2095 1518 modestissimi,
2128 1450 2162 1505 et
2187 1451 2317 1508 natura
2342 1437 2475 1511 abhor-

444 1561 480 1620 et
495 1543 719 1616 discentium.
770 1539 866 1609 ldem
891 1540 1076 1609 clamitant
1100 1553 1235 1608 veteres
1263 1563 1428 1608 canones.
1481 1565 1563 1609 rens
1581 1564 1600 1607 a
1616 1540 1829 1609 factionibus
1846 1552 1881 1609 et
1895 1539 2093 1609 discordiis.
2151 1537 2328 1609 Existimo
2353 1556 2470 1613 autem

442 1649 527 1723 Ideo
543 1645 631 1715 boni
647 1644 716 1712 viri
733 1655 768 1711 et
782 1655 945 1734 potentes
961 1643 1001 1710 in
1013 1641 1209 1733 Republica
1217 1641 1249 1736 ⁸)
1265 1640 1430 1710 annitan·
1481 1665 1584 1735 posse
1603 1641 1635 1709 ei
1652 1642 1872 1733 persuaderi,
1888 1656 1926 1711 ut
1942 1667 1978 1712 se
1993 1644 2038 1709 ad
2054 1665 2117 1711 vos
2132 1643 2303 1714 conferat.
2330 1642 2377 1725 Et
2392 1671 2474 1737 pos-

443 1767 503 1824 tur
517 1747 684 1822 omnibns
696 1744 853 1829 viribus,
885 1756 987 1815 uter
1010 1742 1138 1835 opibus
1152 1739 1431 1824 Monacbornm,
1481 1757 1535 1815 set
1552 1762 1625 1814 esse
1643 1744 1864 1834 gubernator
1880 1736 1989 1814 totins·
2001 1736 2252 1834 philosophici
2265 1732 2386 1818 studil.
2419 1747 2475 1818 ln-

443 1864 619 1948 quantum
637 1847 792 1917 obtineri
807 1859 936 1938 potest,
953 1848 1217 1916 constituantur
1232 1842 1431 1916 Parochiae
1482 1848 1563 1916 dico
1586 1846 1692 1914 etiam
1718 1846 1904 1939 Micyllum
1929 1871 1969 1914 ac
1992 1846 2191 1915 Sturminm
2213 1849 2363 1919 idoneos
2388 1875 2476 1937 esse,

443 1969 479 2027 et
496 1947 658 2023 Scholae.
709 1949 822 2040 Saepe
838 1951 937 2020 soleo
953 1973 1018 2040 per
1032 1950 1150 2018 iocum
1166 1948 1315 2017 recitare
1336 1960 1431 2017 vete·
1482 1948 1552 2041 Sed
1565 1947 1763 2037 Sturmium
1782 1949 1842 2019 vix
1853 1949 2011 2025 dimittet
2021 1949 2233 2038 Argentine.
2386 2006 2399 2015 ..
2426 1936 2471 2017 ‘il

442 2058 521 2131 rem
543 2050 757 2147 versiculum
778 2050 823 2120 de
844 2046 919 2141 his,
948 2048 1012 2145 qui
1042 2051 1195 2121 accusati
1222 2050 1261 2119 in
1292 2049 1433 2123 iudiciis
1585 2049 1689 2142 Opus
1707 2065 1786 2127 2est*
1803 2051 1912 2120 etiam
1934 2053 2036 2121 vobis
2058 2046 2315 2122 Mathematico
2336 2055 2475 2143 profes·

442 2156 617 2252 praedem
647 2152 856 2225 dividebant
878 2178 960 2225 cum
982 2153 1176 2235 indicibus,
1216 2167 1258 2223 ut
1278 2178 1315 2225 se
1336 2153 1432 2223 redi·
1483 2174 1584 2236 sore,
1615 2155 1661 2222 de
1684 2178 1759 2247 qno
1780 2154 1818 2221 in
1839 2154 2028 2225 eonsilium
2054 2150 2277 2224 adhibendus
2299 2153 2473 2226 eritBor-

443 2271 596 2330 merent.
646 2257 828 2327 Sententia
845 2256 1009 2327 versiculi
1026 2253 1115 2324 haec
1132 2269 1201 2325 est:
1229 2256 1302 2348 Qui
1319 2256 1432 2325 multe
1483 2276 1603 2326 uerus.

443 2363 583 2433 furatus
600 2372 663 2440 est,
690 2372 725 2426 et
742 2383 852 2449 pauca
870 2362 932 2426 dat
946 2359 1068 2439 indici,
1096 2358 1261 2440 elabitur,
1277 2355 1298 2429 ὃ
1315 2352 1433 2429 πολλὰ
1586 2356 1632 2426 Ε1
1659 2360 1748 2426 ordo
1770 2358 1963 2427 lectionum
1990 2360 2286 2449 praescribendus
2312 2373 2404 2431 esset
2434 2384 2474 2428 ac

444 2460 603 2558 κλοψας,
628 2456 692 2532 καὶ
708 2456 818 2558 ὀλίγα
830 2456 939 2545 dode,
967 2453 1192 2556 ἕκφείξεται.
1244 2460 1302 2528 Sic
1315 2463 1359 2527 de
1377 2455 1433 2526 his
1485 2472 1600 2530 certus
1637 2483 1808 2529 numerus
1842 2461 2107 2532 ordinariorum
2144 2463 2339 2532 lectionum
2374 2463 2475 2534 insti-

445 2561 1023 2654 direptionibusmonasteriorum
1042 2563 1336 2643 interdumdico,
1361 2556 1434 2630 Eos
1486 2564 1659 2643 tuendus,
1686 2562 1849 2630 videlicet
1871 2576 1971 2645 octo,
1998 2577 2060 2633 aut
2075 2565 2226 2636 circiter.

448 2667 510 2761 qui
528 2677 652 2732 tenent
669 2664 748 2734 illas
762 2663 1020 2754 possessiones,
1054 2663 1084 2732 si
1099 2664 1222 2732 saltem
1242 2687 1354 2754 pauca
1373 2664 1434 2730 de·
1536 2661 1688 2757 Physica
1708 2664 1907 2734 Aristotelis

447 2768 607 2837 riderent
621 2767 666 2833 ad
681 2764 855 2835 Ecclesias
870 2778 906 2834 et
919 2761 1067 2835 Scholas
1080 2764 1268 2849 iuvandas,
1291 2765 1432 2832 veniam
1537 2762 1731 2834 Dialectica
1747 2762 1949 2837 Aristotelis

447 2891 592 2961 sperare
625 2891 740 2959 posse.
818 2866 975 2937 Caeteris
1004 2869 1163 2959 profecto
1178 2868 1292 2951 ,nullo
1324 2869 1434 2937 modo
1537 2867 1725 2939 Elementa
1741 2867 1951 2940 Dialectices
1967 2895 2008 2939 ac
2023 2867 2229 2940 Rhetorices
2251 2881 2291 2939 ut
2307 2866 2475 2938 Caesarei

447 2971 702 3062 ignoscendum
719 2982 790 3049 est,
817 2970 879 3061 qui
896 2970 1076 3039 devoratis
1091 2965 1147 3038 bis
1163 2970 1291 3060 opibus
1312 2971 1437 3040 sinunt
1537 2970 1730 3039 Dialectica

447 3084 609 3164 pastores
626 3092 705 3139 cum
720 3069 866 3139 familiis
880 3071 973 3140 fame
990 3072 1129 3162 perire,
1154 3067 1293 3142 scholas
1307 3071 1436 3155 deseri,
1539 3073 1684 3146 Poetica
1699 3073 1803 3143 lectio

448 3170 609 3261 extingui
624 3170 807 3240 literarum
825 3172 955 3243 studia.
1007 3172 1116 3245 Vides
1132 3187 1272 3258 antem,
1300 3188 1434 3268 quanta
1492 3234 1497 3245 .
1539 3174 1710 3246 Oratoria
1732 3174 1835 3246 lectio
1853 3168 2069 3266 Quintiliani
2088 3187 2121 3246 et
2136 3173 2317 3245 Ciceronis

448 3275 495 3346 sit
510 3272 692 3365 opulentia
714 3274 970 3343 coenobiorum
997 3275 1106 3345 totius
1128 3275 1286 3347 ditionis.
1350 3274 1436 3346 lnde
1538 3277 1626 3348 ltem
1642 3277 1767 3350 Ethica
1786 3279 1972 3372 pervices.

447 3377 479 3454 ei
494 3378 540 3446 ad
555 3376 703 3457 reditus,
729 3401 819 3469 quos
836 3377 908 3446 iam
924 3373 1247 3462 habetAcadcmie,
1262 3382 1437 3449 adderen-
1526 3439 1535 3450 .
1584 3380 1867 3453 ·Methematicae
1894 3385 1997 3454 duee.
2065 3380 2229 3475 Quarum
2261 3380 2373 3449 altera
2405 3390 2481 3447 tra·

448 3494 509 3552 tur
523 3479 591 3550 tria
610 3491 672 3561 aut
687 3491 843 3571 quatuor
858 3480 957 3549 milia
977 3503 1169 3552 aureorum
1189 3506 1328 3565 annua,
1355 3507 1436 3575 pos·
1488 3473 1605 3554 denda
1631 3498 1666 3556 et
1687 3487 1848 3557 subinde
1867 3483 2060 3579 repetenda
2090 3484 2406 3567 suntElemente,
2437 3496 2480 3551 nt

447 3595 528 3654 rent
549 3577 699 3652 honesta
725 3581 901 3673 stipendia
925 3596 960 3652 et
968 3580 1192 3660 ¹Doctoribns
1207 3598 1242 3654 et
1258 3585 1437 3678 aliquibus
1487 3585 1737 3661 Aritbmetica.
1777 3587 1907 3662 Libelli
1922 3591 1968 3661 de
1982 3577 2219 3685 Sphabran),
2244 3599 2279 3658 'et
2294 3587 2479 3658 Secundus

447 3684 667 3776 pauperibus
681 3678 899 3756 scholasticis
915 3686 1094 3758 constitui.
1133 3686 1268 3758 Mirum
1287 3701 1340 3759 est
1354 3711 1437 3781 pro·
1488 3691 1610 3763 Plinii.
1677 3687 1911 3763 Ad-elteram
1943 3689 2151 3763 'l'heoricae¹
2173 3691 2404 3762 Planetarntn
2440 3699 2477 3757 et

448 3786 563 3868 lecto,
596 3785 626 3854 si
647 3807 723 3860 non
746 3786 933 3877 impetrari
956 3802 1093 3880 potest,
1126 3804 1166 3860 nt
1188 3814 1229 3860 es
1253 3804 1354 3860 tanto
1378 3816 1438 3860 cu·
1489 3795 1622 3867 similes
1641 3795 1725 3866 libri
1748 3796 1962 3888 pertineant.
2474 3810 2478 3820 '

448 3882 591 3981 mulol)
608 3887 786 3956 tantillum
801 3890 988 3980 perveniat
1003 3894 1048 3960 ad
1062 3887 1250 3976 Scholam,
1276 3917 1368 3989 quae
1386 3907 1438 3965 est
1591 3898 1728 3970 Graeca
1759 3900 1967 3991 praelectio.
2028 3900 2121 3971 Nam
2143 3885 2298 3972 Ebraica
2320 3904 2364 3972 ad
2388 3902 2477 3971 alte-

447 3987 682 4081 praecipuum
699 4003 951 4086 ornamentum
967 3993 1077 4065 totius
1091 3994 1249 4067 ditionis.
1299 3994 1438 4065 locum·
1490 4025 1570 4071 rnm
1588 4027 1630 4072 ex
1647 3999 1840 4093 'l‘lreologls
1864 4003 2032 4096 pertinet.

448 4091 511 4162 bes
532 4089 642 4181 igitur
662 4101 836 4185 quantum
859 4096 1013 4184 poteris,
1048 4110 1088 4166 ut
1116 4098 1252 4192 aliquid
1280 4098 1363 4168 inde
1393 4100 1438 4169 ed
1592 4105 1649 4172 Ad
1679 4101 1743 4176 has
1766 4105 2023 4197 praelectiones
2050 4095 2218 4177 accedere¹
2251 4107 2480 4179 consuetudi-

446 4191 678 4274 !ffldemiam
697 4193 891 4268 derivetur.
1491 4230 1574 4275 nem
1593 4208 1799 4299 disputandi
1815 4235 1856 4279 ac
1870 4212 2095 4281 declamandi
2109 4213 2265 4303 prodest.

504 4363 506 4372 ,
536 4292 592 4412 ⁰ln
604 4295 788 4368 Facultate
805 4299 935 4384 artium
960 4296 1099 4373 habetis
1122 4302 1261 4397 aliquot
1281 4304 1439 4375 eruditos
1592 4308 1749 4381 lneunda
1767 4325 1820 4382 eet
1834 4314 1942 4383 etiam
1957 4313 2064 4398 ratio,
2079 4325 2119 4385 ut
2135 4313 2247 4409 aliqui
2262 4315 2425 4406 praesint
2442 4314 2479 4382 in

447 4394 659 4487 Mafllslroe,
685 4412 721 4468 et
736 4399 914 4472 rationem
935 4398 1064 4473 haberi
1090 4407 1350 4496 praesentium,
1376 4408 1439 4501 qul
1491 4412 1658 4506 Collegiis
1679 4428 1850 4510 tanquam
1866 4421 2028 4488 custodes
2052 4430 2086 4488 et
2108 4420 2367 4509 gubernatores
2384 4417 2480 4489 illius

447 4511 532 4572 sunt
547 4500 689 4583 idonei,
714 4502 800 4571 utile
817 4516 870 4573 est
886 4506 1006 4575 multis
1026 4508 1072 4576 de
1095 4507 1221 4579 causis.
1280 4506 1437 4580 lnvitan·
1490 4516 1705 4604 inventutis,
1730 4539 1822 4614 quae
1839 4520 1889 4589 ibi
1909 4517 2058 4592 habitat.

448 4613 508 4678 lut
524 4601 621 4674 enim
632 4600 680 4698 ¹⁰)
698 4605 841 4688 caeteri,
856 4618 897 4675 nt
914 4607 950 4676 in
967 4607 1161 4680 Academia
1179 4610 1348 4683 libentius
1363 4637 1438 4681 ma·
1494 4676 1508 4685 .

448 4737 655 4768 Ο--Ι-ῴ-

1525 4677 1646 4688 ...ια-ῳ.
1663 4680 1697 4689 .-

911 4765 913 4772 ·
972 4759 974 4764 ·
1527 4753 1573 4813 11)
1591 4753 1633 4803 ltx
1657 4754 1699 4803 tie
1722 4757 1818 4808 verbis
1842 4757 2025 4821 intetttgttur,
2056 4758 2124 4808 hoec
2147 4757 2220 4808 tuter
2244 4767 2333 4809 annos
2361 4755 2429 4826 1131
2451 4760 2479 4805 et

469 4817 535 4886 Β)
555 4821 578 4872 1.
591 4820 658 4874 cor.
673 4821 702 4889 9,
720 4820 745 4872 7.
1560 4821 1638 4875 teet.
1656 4837 1721 4876 esee
1738 4828 1853 4892 scripte.
1888 4827 2041 4878 loeottnns
2052 4827 2230 4879 merarius
2249 4826 2322 4878 enter
2341 4825 2477 4880 1111611,

480 4900 514 4967 ⁸)
532 4901 627 4972 detes]
645 4905 729 4959 cod:
757 4907 823 4976 detq
1558 4893 1594 4942 ab
1607 4893 1699 4943 Utrico
1714 4893 1789 4948 Duos
1797 4895 2053 4960 wirtembergenst
2066 4897 2217 4960 eventus,
2235 4908 2339 4947 enovo
2352 4898 2481 4959 cynna-

480 4984 514 5051 η
531 4985 700 5058 domum]
718 4992 801 5043 cod:
826 4993 969 5046 mmm
1558 4957 1600 5011 sto
1618 4960 1862 5034 Nortnbergenst,
1880 4966 1923 5015 cui
1940 4964 2004 5014 inde
2022 4965 2057 5014 eb
2075 4963 2209 5016 1111111.
2228 4964 2388 5029 preelectus
2407 4967 2482 5026 eret,

481 5071 513 5136 ο)
532 5071 702 5138 neruum]
715 5075 800 5131 cu..
823 5079 928 5143 nrau-
1088 5073 1090 5078 ·
1557 5029 2149 5167 tlffl‘.l“n¹¹.⁰t.bt‚¹⁸l.itlt;‘tlttt,
2159 5034 2391 5168 blittbtlt
2402 5035 2417 5084 ¹
2419 5034 2483 5154 iii

479 5154 513 5221 1)
532 5160 655 5220 meto]
673 5160 756 5214 cod:
781 5166 889 5216 renato
956 5175 959 5184 ⁴
1014 5161 1044 5186 ⁵¹
1072 5171 1074 5178 ·
1136 5179 1151 5194 -·
1557 5179 1612 5229 qus
1627 5169 1716 5222 bones
1734 5169 1833 5222 lttnes
1852 5169 1971 5222 tettctter
1988 5172 2088 5223 tooutt

485 5239 532 5301 10)
552 5240 724 5310 eat-leot.
741 5246 822 5298 sebee
839 5243 997 5314 seriptum
1015 5241 1220 5313 cedrenum:
1245 5263 1280 5305 n.
1511 5250 1573 5318 -111
1591 5253 1741 5323 utrem]
1759 5256 1843 5308 cod:
1866 5258 1983 5326 spaera,
