5534 6700
2329 432 2386 499 p

374 602 451 674 ma
555 535 557 539 ⁵
764 634 773 677 .
899 583 1024 657 euru.
1051 582 1164 663 uua.
1191 579 1395 652 scitura
1420 573 1885 652 vomereuomere
2337 583 2421 662 τοι

373 769 531 863 opprimi
552 767 760 842 videantur,
788 757 888 851 quasi
912 781 998 825 vero
1028 779 1104 824 non
1124 755 1222 822 illam
1247 754 1360 846 ipsam
1413 775 1489 821 non
1516 748 1702 842 ignoratis.
1754 746 1974 840 Theologia,
2006 750 2122 842 pietas
2142 751 2250 822 simul
2274 755 2417 826 cecide·

374 871 626 964 elegantiorem
642 862 866 932 literaturam
882 858 1079 948 Evangelio
1096 859 1258 925 debeant.
1414 879 1464 924 re.
1516 854 1634 946 Quam
1650 853 1679 922 si
1694 865 1939 924 conservatam
1954 853 2141 933 volumus,
2168 863 2209 920 ut
2225 854 2413 943 debemus,

475 969 642 1049 Habetis,
673 988 763 1058 quae
786 956 907 1032 caussa
931 961 1011 1053 pios
1032 960 1231 1030 necessario
1249 960 1295 1026 ad
1309 958 1362 1027 di·
1414 958 1528 1048 agite,
1555 980 1701 1047 operam
1728 959 1871 1038 demus,
1904 979 1949 1023 ne
1974 953 2166 1021 intercidat
2187 955 2410 1048 eloquentia.

373 1076 519 1149 scendas
541 1071 663 1139 literas
686 1092 727 1135 ac
748 1066 888 1155 linguas
908 1059 1129 1132 adhortetur.
1182 1061 1362 1132 Nuncsu-
1413 1059 1498 1130 Non
1517 1054 1586 1128 hoc
1601 1059 1726 1142 iuben,
1752 1072 1792 1127 ut
1808 1069 1950 1150 praeter
1965 1049 2176 1146 prophanus
2192 1071 2344 1130 autores
2358 1063 2410 1129 ni·

372 1188 509 1270 perest,
537 1186 577 1241 ut
594 1171 768 1252 indicem,
795 1192 864 1261 qua
882 1167 938 1233 via
958 1167 1144 1234 discendae
1161 1165 1244 1234 sint.
1413 1158 1466 1230 hil
1484 1161 1686 1250 attingatis,
1711 1164 1772 1231 sed
1789 1159 1957 1249 coniungi
1979 1159 2061 1226 volo
2087 1158 2204 1227 studia
2232 1162 2409 1256 eloquen-

474 1275 682 1345 lndicarunt
703 1273 801 1339 illam
824 1269 919 1338 docti
941 1264 1105 1337 homines
1130 1268 1297 1361 quidam,
1328 1276 1364 1332 et
1414 1264 1484 1332 tiae
1506 1288 1586 1332 cum
1604 1264 1732 1346 sacris,
1759 1276 1799 1331 ut
1817 1264 1967 1330 alterum
1984 1259 2087 1327 alteri
2104 1262 2162 1328 vel
2179 1280 2410 1352 ornamento,

372 1384 411 1450 in
425 1376 782 1473 primisErasmus
806 1373 843 1439 in
860 1396 902 1440 eo
919 1370 1228 1451 commentariolo,
1255 1391 1362 1461 quem
1415 1365 1471 1434 vel
1494 1365 1626 1434 auxilio
1651 1365 1707 1435 sit.
1758 1365 1851 1432 Tam
1873 1388 1938 1431 nec
1961 1363 2093 1430 latinae
2115 1363 2241 1433 literae
2266 1370 2409 1457 penitus

373 1487 417 1554 de
434 1481 574 1552 ratione
596 1477 755 1547 discendi
770 1473 981 1564 inscriptum
998 1472 1128 1555 edidit,
1155 1496 1260 1565 quem
1279 1469 1362 1537 volo
1414 1468 1490 1538 sine
1508 1467 1642 1558 graecis
1661 1467 1804 1556 agnosci
1824 1477 1984 1558 possunt.
2034 1464 2233 1556 Propterea
2251 1473 2409 1559 postulo,

371 1600 413 1657 ut
427 1585 557 1651 iterum
575 1594 681 1672 atque
696 1580 825 1648 iterum
850 1575 1026 1666 relegatis.
1072 1574 1126 1642 De
1150 1598 1228 1642 mea
1250 1573 1364 1639 inter·
1414 1583 1455 1639 ut
1473 1569 1661 1639 succisivas
1686 1583 1825 1638 tantum
1849 1565 1957 1637 horas
1974 1566 2120 1636 Graecis
2142 1569 2319 1642 discendis
2338 1573 2407 1641 im-

373 1689 422 1757 im
439 1684 614 1755 sententia
632 1683 761 1750 dicam.
812 1679 925 1747 Plane
949 1676 1187 1747 necessarium
1211 1699 1284 1744 esse
1309 1673 1362 1743 iu·
1414 1671 1587 1763 pertiatis.
1638 1670 1730 1740 Nam
1750 1671 1812 1765 qui
1827 1670 1865 1738 in
1880 1694 1998 1740 sacras
2015 1669 2157 1754 literas,
2184 1671 2329 1744 incultis
2347 1679 2408 1745 ad-

374 1791 474 1872 dico,
500 1800 540 1855 ut
563 1787 601 1852 in
623 1785 735 1853 literis
754 1778 1087 1850 humanioribusco
1106 1779 1363 1847 contendamus
1414 1771 1484 1843 huc
1517 1787 1552 1842 et
1578 1773 1728 1842 rudibus
1749 1773 1921 1864 ingeniis,
1954 1773 2106 1840 necdum
2133 1773 2208 1842 ullo
2235 1778 2408 1866 praeditis

374 1893 545 1972 evadere,
569 1900 610 1956 ut
624 1887 735 1954 latina
752 1885 872 1973 lingua
892 1880 1055 1975 (quando
1069 1876 1137 1949 hac
1154 1884 1227 1949 lere
1244 1881 1363 1947 dicen·
1415 1877 1562 1959 iudicio,
1588 1875 1743 1958 irruunt,
1768 1876 1854 1969 quid
1870 1874 1967 1943 aliud
1983 1887 2140 1964 ponent,
2166 1901 2277 1968 quam
2295 1905 2409 1950 novas

374 1996 421 2062 do
447 1990 707 2080 scribendoque
738 1984 890 2080 utimur)
915 2008 1004 2076 pure
1033 1983 1135 2077 loqui
1159 1996 1194 2053 et
1210 1982 1362 2052 scribere
1415 1980 1559 2062 Scotos,
1586 1990 1622 2046 et
1636 1972 1819 2048 Thomas?
1871 1977 2073 2045 Prudenter
2089 1994 2323 2066 monuerunt,
2346 1983 2411 2076 qui

373 2094 562 2186 possimus.
621 2090 844 2158 Confusauea
869 2089 1045 2180 quaedam
1070 2110 1146 2167 res,
1180 2083 1364 2152 barbaries
1415 2106 1515 2152 sacra
1547 2093 1767 2149 monuerunt
1795 2077 1922 2167 attingi
1953 2078 2061 2148 illotis
2090 2080 2263 2151 manibus.
2323 2082 2408 2174 Ego

375 2209 446 2279 est,
473 2207 508 2263 et
522 2189 612 2262 nihil
625 2191 693 2261 sibi
710 2203 886 2259 constans.
940 2188 1062 2280 Quare
1077 2188 1145 2257 nisi
1163 2200 1296 2256 certam
1311 2186 1364 2252 lo·
1416 2208 1501 2252 vero
1526 2206 1642 2277 neque
1665 2181 1828 2251 barbaris
1852 2181 1928 2251 istis
1951 2179 2102 2272 ingeniis
2125 2183 2301 2252 sordidari
2326 2197 2408 2254 tam

375 2297 510 2392 quendi
544 2294 793 2386 scribendique
824 2291 1003 2359 rationem
1036 2302 1177 2373 teneas,
1210 2312 1256 2356 ne
1287 2299 1363 2355 ate
1416 2286 1610 2377 pretiosam
1625 2283 1855 2375 margaritam
1871 2282 1967 2353 volo.
2012 2282 2093 2352 Scio
2111 2285 2254 2377 spiritus
2267 2287 2409 2380 requiri

375 2401 520 2497 quidem
545 2410 639 2466 recte
661 2393 809 2484 intelligi
834 2395 965 2483 possis:
1007 2405 1147 2460 tautum
1171 2392 1290 2472 abest,
1324 2401 1365 2458 ut
1417 2390 1463 2456 ad
1480 2387 1729 2457 tractationem
1746 2410 1927 2455 sacrarum
1945 2386 2152 2471 literarum,
2177 2412 2252 2457 non
2266 2389 2408 2481 linguas

373 2514 537 2594 posteros
555 2499 797 2567 intellecturos
811 2519 941 2585 speres.
982 2493 1060 2565 Nisi
1078 2492 1157 2586 quis
1173 2503 1285 2584 putet,
1310 2490 1364 2558 in·
1416 2502 1570 2561 tautum.
1621 2487 1690 2557 Sed
1714 2488 1823 2557 altera
1849 2489 1963 2580 poscit
1986 2513 2089 2580 opem
2109 2514 2165 2560 res
2182 2491 2349 2574 alterius,
2374 2505 2410 2561 et

374 2617 429 2672 tra
460 2614 606 2670 ventum
636 2623 760 2669 omnes
785 2597 911 2681 fuisse,
946 2596 1009 2688 qui
1030 2595 1128 2664 Scoti
1154 2596 1209 2663 vel
1238 2591 1365 2663 similis
1417 2603 1614 2661 commutat
1644 2590 1768 2662 amice.
1827 2590 1874 2661 Et
1902 2592 2042 2681 linguas
2067 2605 2101 2663 et
2120 2593 2267 2683 spiritus
2294 2595 2406 2683 exigo.

375 2703 512 2774 autoris
527 2703 634 2770 verba
653 2715 688 2770 et
703 2696 846 2797 φράσιν
864 2700 956 2791 (non
973 2697 1068 2767 enim
1090 2722 1186 2767 nuuc
1201 2700 1244 2766 de
1259 2697 1365 2765 rebus
1416 2694 1463 2764 Et
1484 2694 1617 2764 Paulus
1643 2694 1768 2785 exigit,
1802 2706 1842 2762 ut
1863 2694 1994 2786 linguis
2016 2695 2232 2789 loquantur,
2265 2709 2301 2764 et
2324 2720 2408 2787 pro·

372 2806 522 2899 loquor)
545 2804 795 2894 intelligerent.
847 2801 973 2894 Neque
994 2823 1080 2868 vero
1103 2801 1292 2894 quisquam
1309 2821 1365 2866 ar·
1416 2793 1574 2890 phetent.
1626 2797 1786 2866 Proinde
1810 2821 1918 2891 quam
1941 2822 2084 2890 possum
2109 2825 2172 2870 vos
2195 2812 2319 2868 sancte
2345 2800 2409 2868 ob-

373 2910 526 2977 bitretur
544 2932 600 2989 se,
627 2905 765 2973 relectis
781 2905 919 2971 duabus
935 2901 1076 2993 paginis
1091 2902 1266 2982 Terentii,
1291 2899 1364 2967 iam
1417 2913 1547 2983 testor,
1587 2912 1627 2968 ut
1654 2900 1700 2968 ad
1725 2899 1845 2970 literas
1873 2912 1947 2971 tum
1972 2901 2120 2983 latinas,
2158 2914 2232 2969 tum
2259 2924 2411 2992 graecas

375 3020 603 3079 consecutum
620 3031 694 3075 esse
710 3005 851 3072 dicendi
865 3005 1081 3072 facultatem.
1115 3002 1230 3073 Multa
1244 3001 1365 3070 lectio·
1417 3003 1601 3073 discendas
1616 3001 1890 3073 accommodetis
1904 3002 2054 3084 animos,
2071 3002 2140 3070 nisi
2155 3026 2301 3070 omnem
2319 3027 2414 3092 ope·

374 3133 440 3191 ne,
467 3108 581 3175 multo
600 3131 666 3175 usu
683 3104 861 3174 scribendi
884 3118 919 3172 et
942 3105 1104 3188 dicendi,
1131 3106 1244 3174 multo
1267 3128 1365 3172 exer·
1416 3130 1495 3174 ram
1518 3118 1554 3174 et
1577 3103 1774 3196 impensam
1800 3105 1905 3173 etiam
1930 3105 1967 3173 in
1985 3103 2093 3174 sacris
2116 3107 2262 3194 perdere
2280 3103 2414 3175 vultis.

376 3210 460 3279 citio
475 3208 561 3291 stili,
587 3207 646 3274 vix
659 3209 804 3275 tandem
821 3229 932 3299 queas
949 3207 1131 3298 consequi,
1157 3220 1198 3275 ut
1211 3229 1364 3297 propere
1416 3206 1594 3302 Equidem
1627 3231 1743 3301 neque
1776 3230 1978 3288 sacrarum,
2011 3230 2127 3299 neque
2158 3200 2411 3275 humanarum

196 3359 204 3400 ,ι
290 3333 292 3339 ’
374 3310 548 3408 loquaris.
598 3309 795 3379 Exercebat
821 3309 927 3377 etiam
947 3308 1112 3400 superior
1131 3309 1365 3380 aetasiuven·
1416 3309 1602 3381 literarum
1626 3334 1772 3402 prorsus
1794 3311 1941 3401 ignarus
1968 3333 2031 3379 vos
2054 3331 2205 3390 moneo,
2239 3307 2305 3401 qui
2329 3308 2411 3399 plus

374 3428 509 3497 tutem,
542 3415 602 3483 sed
628 3436 757 3503 parum
779 3425 934 3481 strenue.
987 3410 1038 3479 lta
1062 3414 1292 3494 factumest,
1324 3424 1366 3480 ut
1416 3413 1606 3501 valituram
1630 3438 1734 3506 spero
1758 3408 1851 3482 hanc
1873 3412 2075 3481 orationem
2097 3434 2223 3479 meam.
2277 3410 2411 3480 Hacte-

374 3517 552 3587 interierit
568 3515 785 3608 eloquentia.
840 3514 942 3583 Nunc
958 3537 1038 3583 cum
1053 3514 1152 3582 illam
1169 3514 1366 3585 restituerit
1416 3540 1483 3587 nus
1506 3518 1550 3586 de
1570 3516 1678 3587 sacris
1697 3515 1938 3584 tantumdixi.
1991 3513 2137 3597 Restat,
2162 3524 2201 3582 ut
2216 3514 2260 3581 de
2275 3537 2317 3582 re
2335 3538 2411 3583 me-

374 3620 490 3702 Deus,
524 3618 640 3688 modis
663 3617 830 3686 omnibus
856 3616 1018 3685 divinum
1040 3640 1171 3685 munus
1187 3630 1363 3687 tueamur.
1416 3619 1513 3703 dica,
1539 3631 1575 3687 et
1590 3617 1668 3687 aliis
1685 3617 1897 3712 quibusdam
1913 3617 2049 3687 artibus
2068 3615 2197 3685 dicam.

375 3722 540 3811 collapsa
555 3720 618 3787 illa
633 3721 829 3812 quondam,
855 3731 1028 3811 quantam
1044 3719 1185 3787 ruinam
1204 3717 1363 3802 traxerit,
2061 3717 2168 3786 Auno
2186 3730 2250 3787 etc.
2268 3716 2355 3807 xxij.

909 3952 1162 4049 Philippus
1187 3956 1532 4030 Metonehtboo
1558 3963 1695 4031 amieo.
1746 3961 1784 4030 S.
1811 3961 1863 4030 D.

429 4205 432 4212 ¹
477 4123 586 4219 Quod
614 4122 868 4212 Wittenberga
901 4122 1096 4192 discedenti
1136 4125 1201 4193 tibi
1242 4151 1364 4197 censu·
1416 4127 1514 4209 vius,
1547 4152 1655 4222 quam
1681 4125 1868 4218 Evangelii
1891 4126 2120 4221 mysterium,
2153 4125 2348 4218 pacisque,
2376 4138 2412 4193 et

373 4253 451 4299 ram
486 4231 525 4297 in
550 4226 689 4298 Aurelii
714 4226 903 4317 Augustini
938 4226 1049 4296 libros
1082 4250 1156 4294 non
1191 4229 1363 4312 dederim,
1416 4230 1648 4323 tranquillam
1680 4230 1842 4299 omnium
1872 4229 2046 4298 mentium
2076 4253 2139 4297 seu
2169 4226 2410 4296 conscientia·

374 4354 582 4429 quanquam
604 4329 760 4399 caussari
784 4353 860 4396 non
882 4327 1031 4397 omnino
1057 4341 1189 4398 temere
1212 4354 1363 4422 occupa·
1415 4355 1495 4402 rum
1521 4333 1698 4401 rationem
1725 4330 1854 4403 nosse?
1907 4331 2008 4425 Quae
2030 4355 2137 4425 quam
2153 4354 2229 4398 non
2249 4340 2408 4421 praestet

372 4435 488 4504 tiones
519 4457 616 4501 meas
645 4456 805 4522 possem,
841 4443 962 4499 tamen
991 4432 1096 4499 fateri
1122 4433 1262 4523 culpam
1287 4458 1363 4501 ma·
1415 4434 1480 4504 ista
1498 4430 1745 4526 sophistarum
1765 4432 1963 4534 θεολογία,
1990 4459 2061 4503 non
2080 4433 2236 4524 ignoras.
2293 4431 2406 4502 Modo

371 4539 428 4621 lo,
455 4558 585 4626 nempe
609 4536 705 4625 apud
731 4532 906 4616 amicum,
934 4558 1014 4601 cam
1031 4535 1187 4603 delatum
1206 4538 1361 4606 officium
1415 4537 1573 4627 persiste.
1625 4535 1745 4607 Erunt
1767 4538 1883 4622 enim,
1911 4562 2001 4631 quae
2018 4550 2051 4605 te
2068 4536 2112 4604 ab
2128 4535 2294 4605 instituto
2312 4533 2406 4602 avel-

371 4638 547 4731 praestari
562 4660 658 4706 nunc
677 4661 821 4729 quoque
838 4635 949 4726 possit
964 4636 1045 4726 pari
1061 4641 1266 4708 commodo.
1301 4638 1363 4706 Li·
1414 4639 1486 4709 lere
1503 4639 1748 4724 conabuntur,
1774 4641 1895 4709 variae
1912 4639 2045 4709 diaboli
2062 4637 2224 4708 insidiae.
2278 4637 2327 4707 Et
2343 4635 2404 4705 ali·

370 4744 498 4811 beuter
521 4741 702 4832 gratificor
723 4739 808 4819 tibi,
832 4762 906 4806 non
930 4740 1039 4807 modo
1058 4740 1174 4810 amico
1191 4742 1274 4823 tali,
1300 4742 1361 4812 sed
1415 4744 1560 4837 quando
1578 4756 1694 4813 tecum
1712 4743 1787 4834 ipse
1800 4742 2010 4825 luctaberis,
2036 4743 2150 4811 donec
2168 4765 2313 4811 sensum
2331 4762 2402 4807 car-

372 4856 408 4913 et
422 4846 505 4939 quia
524 4846 569 4913 de
587 4845 694 4914 rebus
714 4838 916 4911 christianis
938 4841 1159 4932 interpellor.
1211 4842 1362 4914 Mirifice
1414 4844 1470 4915 nis
1492 4845 1643 4915 evincas.
1695 4844 1819 4940 Neque
1845 4845 1938 4915 enim
1962 4843 2097 4914 felicius
2123 4843 2260 4913 discere
2282 4864 2402 4938 queas,

371 4969 528 5039 namque
543 4948 694 5036 gaudeo,
715 4957 750 5013 te
767 4946 942 5015 sinceram
960 4941 1197 5036 Theologiam
1211 4947 1268 5014 vel
1282 4959 1362 5015 tan-
1415 4971 1524 5041 quam
1548 4946 1611 5017 ubi
1631 4960 1665 5016 te
1682 4949 1794 5016 animi
1810 4948 1863 5017 tui
1879 4946 2095 5016 conflictatio
2112 4946 2296 5016 erudierit.
2349 4942 2402 5013 sic

371 5050 453 5115 dem
481 5049 600 5139 aliqua
627 5072 670 5116 ex
698 5060 800 5137 parte
823 5050 1044 5137 degustasse:
1080 5072 1172 5141 quae
1194 5073 1266 5141 quo
1287 5074 1363 5118 ma·
1415 5049 1510 5119 enim
1528 5052 1633 5121 docet
1658 5050 1866 5141 spiritus.
1912 5049 2080 5121 Nostram
2099 5035 2341 5140 Theologiam
2354 5044 2400 5113 vi·

371 5150 424 5242 gis
445 5162 701 5240 promovetur,
733 5173 776 5218 eo
798 5150 911 5241 magis
929 5151 1108 5220 dulcescit.
1159 5150 1264 5222 Certe
1284 5152 1363 5221 lieri
1414 5155 1545 5225 dentur
1573 5153 1744 5222 adiuvare
1775 5153 2004 5247 nulliusque
2027 5151 2316 5235 neotericorum,
2347 5171 2399 5216 ne·

369 5273 445 5320 non
459 5261 596 5343 potest,
623 5252 711 5344 quin
727 5252 883 5342 primum
903 5253 1063 5322 offendat
1078 5253 1259 5339 animum,
1286 5280 1362 5325 car·
1415 5282 1484 5351 quc
1500 5270 1661 5326 veterum
1677 5255 1912 5347 scriptorum,
1930 5268 2072 5347 praeter
2088 5253 2353 5346 Augustinum,
2370 5260 2399 5318 et

369 5355 445 5422 nali
468 5353 529 5421 illa
555 5350 796 5445 sophistarum
821 5356 984 5425 doctrina
1010 5370 1234 5447 correptum,
1274 5354 1362 5428 haec
1414 5361 1586 5451 pauculos
1618 5359 1784 5431 Graecos.
1849 5358 2023 5450 Origenes
2056 5357 2208 5426 nimium
2247 5352 2398 5447 philon

368 5456 565 5549 spiritualis
580 5453 830 5549 philosophia,
856 5463 952 5552 quod
975 5457 1182 5551 (ut'Paulus
1198 5460 1265 5557 ait)
1286 5485 1359 5530 non
1413 5458 1558 5554 phatur.
1608 5460 1850 5556 Hieronymus
1867 5487 1912 5531 ne
1928 5462 1966 5529 in
1982 5460 2131 5551 dialogis
2147 5459 2323 5553 quidem,
2345 5462 2399 5524 aut

368 5560 497 5629 sentiat
521 5560 686 5629 animalis
712 5555 843 5643 homo,
868 5585 960 5653 quae
984 5575 1067 5632 sunt
1082 5564 1239 5655 spiritus.
1291 5564 1361 5634 Sed
1413 5565 1519 5635 Pauli
1540 5565 1806 5636 commentariis
1828 5566 2045 5657 adsequatus
2069 5576 2121 5634 est
2133 5561 2240 5631 Pauli
2264 5571 2399 5632 seuten-

367 5685 536 5732 amurcae
560 5662 697 5733 radices
714 5675 798 5733 sunt
813 5663 948 5734 fructus
964 5665 1093 5736 dulces.
1147 5665 1245 5760 Quid
1264 5666 1359 5735 enim
1414 5668 1514 5738 tiam.
1573 5665 1694 5758 Quare
1717 5670 1855 5738 nullum
1879 5666 2005 5738 feceris
2027 5666 2139 5756 magis
2166 5689 2305 5758 operae
2328 5684 2403 5756 pre·

367 5766 577 5852 amabilius,
618 5791 728 5862 quam
753 5761 887 5837 Christi
912 5767 1096 5858 cognitio?
1158 5768 1257 5860 Quid
1278 5793 1360 5840 sua·
1414 5769 1523 5854 tium,
1558 5792 1667 5863 quam
1695 5770 1758 5842 ubi
1789 5783 1824 5841 te
1851 5772 1897 5841 ad
1923 5770 2020 5861 ipsos
2045 5770 2181 5854 sontes,
2215 5770 2262 5837 ad
2292 5769 2405 5862 ipsam
