5534 6700
457 555 534 628 aaa
1040 559 1163 633 rau.
1198 560 1545 636 unnsscmrra
1577 522 1948 640 σκοτωσεων
2415 574 2498 653 ιω

458 738 558 817 cula,
599 729 702 829 παρά
733 727 856 804 πάντα
884 726 952 802 τὸν
978 727 1139 827 χρόνω,
1176 731 1449 817 Demosthenes,
1499 733 1543 820 oi,
1571 737 1601 804 si
1620 738 1800 830 sequentis
1819 738 1986 809 dictionis
2000 738 2149 812 'initium
2169 742 2293 811 vocale
2314 745 2442 829 fuerit,
2467 772 2496 820 ν

458 837 562 909 Circa
581 859 687 907 omne
705 846 856 924 tempus.
906 830 954 902 Et
970 827 1037 904 hac
1053 838 1316 907 constructione
1332 860 1448 931 prope
1496 839 1728 928 interposita,
1754 853 1795 909 nt
1812 837 2028 941 ἀνάργυρος
2041 840 2134 915 ἄνευ
2146 848 2217 916 τοῦ
2231 841 2431 943 ἀργυρίου.

456 943 652 1035 significat,
683 936 863 1007 Homerus
886 931 946 1033 [ll.
961 931 1021 1019 lX,
1035 934 1137 1034 67.],
1171 935 1275 1035 παρὰ
1298 937 1448 1034 τάφρον
1521 970 1537 991 -·
1573 935 1649 1013 Διά
1658 934 1820 1033 'genitivo
1835 943 1954 1016 iuncta
1969 968 2050 1041 ρον,
2065 945 2345 1021 instrumentum
2356 950 2494 1043 signat,

457 1039 629 1141 loomin.
665 1034 764 1108 luxta
778 1041 922 1110 fossam.
967 1036 1119 1111 Causam
1140 1040 1234 1109 idem
1253 1053 1375 1124 notat,
1407 1054 1448 1111 ut
1497 1036 1562 1115 διά
1581 1039 1709 1140 πείρας
1725 1050 1882 1141 συχνῆς,
1905 1071 1971 1139 per
1984 1051 2152 1145 frequens
2165 1051 2334 1122 studium.
2375 1052 2494 1126 Estet

456 1139 621 1241 nupsisti
643 1133 687 1214 εὖ
709 1137 778 1235 ζῆν
799 1136 843 1214 τὸ
865 1138 988 1232 κλέος,
1020 1141 1146 1212 Gloria
1174 1156 1245 1226 est,
1280 1146 1446 1238 eoquod
1498 1170 1578 1215 cum
1599 1147 1718 1217 locum
1736 1160 1922 1240 tempusve
1941 1164 2057 1235 notat,
2082 1149 2146 1226 διά
2167 1149 2372 1227 δακτυλίου
2389 1151 2493 1230 δεῖσε

453 1250 545 1319 bene
561 1245 716 1315 vivatur·
749 1242 857 1313 'Item
874 1251 999 1324 virm,
1028 1241 1195 1340 παράτᾶ
1217 1239 1444 1340 ἀδικήματα.
1497 1245 1751 1343 ἑλκυσθῆναι,
1776 1272 1842 1341 ρετ
1866 1254 2053 1337 annulum,
2080 1258 2175 1346 apud
2194 1251 2490 1347 Aristophanem.

455 1344 726 1419 Demosthenes.
800 1342 888 1415 ltem
926 1356 1106 1440 praeter,
1147 1343 1250 1443 παρά
1290 1345 1443 1444 πρέπον,
1597 1350 1811 1422 Accusativo
1837 1365 2011 1448 propter,
2052 1348 2116 1428 διὰ
2150 1350 2298 1453 φόβον,
2338 1373 2491 1451 propter

457 1464 600 1546 praeter
613 1453 791 1518 decorem.
837 1446 1045 1539 Composita
1062 1461 1125 1518 aut
1141 1449 1290 1532 minuit,
1316 1461 1357 1519 ut
1370 1472 1445 1521 πα-
1495 1451 1677 1523 timorem.
1749 1452 1929 1526 Homerus
1972 1458 2169 1548 superioris
2210 1462 2490 1534 constructionis

455 1549 622 1652 ράσημος
634 1549 777 1647 ῥητωρ,
803 1551 919 1618 malae
942 1562 1127 1634 monetae,
1153 1550 1279 1633 idest,
1305 1536 1450 1621 adirltef
1494 1555 1766 1642 significantiam
1784 1550 1853 1626 hoc
1870 1582 1954 1629 casu
1968 1560 2094 1631 extulit
2109 1556 2170 1658 [ΙΙ.
2184 1561 2230 1646 X,
2244 1556 2338 1658 41.],
2354 1561 2491 1638 νύκτα

454 1658 556 1728 rinus
570 1667 707 1736 orator,
724 1656 821 1743 apud
837 1648 1130 1728 Demosthenem.
1164 1654 1236 1725 Aut
1251 1676 1367 1747 prope
1379 1677 1443 1725 seu
1494 1651 1548 1728 δι’
1566 1652 1792 1752 ἀμβροσίην.

453 1766 567 1834 iuxta
583 1757 777 1847 significat,
803 1767 844 1824 ut
863 1755 1186 1850 παρακολουθεῖν,
1211 1779 1325 1847 prope
1340 1755 1443 1848 sequi
1596 1756 1803 1849 Composita
1819 1759 2080 1854 dissignilicat,
2106 1761 2286 1858 διαρτᾶν,
2309 1765 2488 1852 dividere,

453 1886 516 1934 seu
539 1859 726 1951 subsequi,
761 1857 942 1928 assiduum
967 1857 1100 1928 adesse.
1163 1855 1215 1926 lta
1237 1856 1442 1948 Simplicius
1493 1853 1729 1953 διαψάλλειν,
1753 1862 1927 1950 pervices
1941 1866 2111 1956 psallere,
2136 1860 2354 1964 διάψαλμα,
2380 1869 2486 1939 vicis·

454 1963 576 2054 magni
599 1960 757 2030 nominis
780 1957 1039 2048 Peripateticus
1061 1959 1101 2028 in
1125 1959 1349 2051 praefatione
1375 1982 1438 2030 sua
1492 1959 1611 2030 situdo
1634 1963 1822 2051 psallendi.

454 2069 493 2137 in
510 2063 736 2154 categorias,
761 2058 1035 2155 ἐπιμελέστερον
1054 2056 1117 2151 δὲ,
1143 2057 1194 2142 ὥς
1216 2055 1293 2142 οἶός
1313 2051 1353 2132 τε
1378 2053 1439 2153 ἦν,
1593 2059 1721 2148 Κατά,
1772 2064 1930 2155 genitivo
1969 2068 2110 2153 iuncta,
2158 2071 2348 2142 accusandi
2381 2083 2483 2156 nota,

452 2171 530 2250 τοῖς
557 2161 774 2259 Ἰαμβλίχου
811 2162 1114 2260 παρακολουθῶν
1147 2155 1439 2260 ἀπεγραψάμην,
1491 2159 1680 2261 λόγοςτού
1695 2165 1925 2262 Πορφυρίου
1948 2167 2044 2243 κατὰ
2062 2177 2314 2267 χριστιανῶν,
2344 2173 2483 2244 Contra

452 2266 517 2343 reni
531 2265 626 2361 αὐτῇ
645 2269 832 2359 πολλαχοῦ
853 2268 900 2360 τῇ
922 2261 1010 2347 λέξει
1031 2268 1100 2337 τοῦ
1119 2261 1329 2360 φιλοσόφου
1346 2288 1439 2358 χρη·
1491 2260 1726 2337 Christianos.
1783 2266 1831 2337 lit
1853 2294 2080 2362 progressum
2099 2276 2147 2343 de
2168 2299 2207 2344 re
2230 2275 2401 2368 quapiam
2425 2275 2484 2343 in.

453 2369 631 2464 σύμενος,
654 2371 690 2438 id
706 2382 779 2451 est,
804 2367 884 2461 Qua
902 2390 988 2435 vero
1003 2368 1106 2457 potui
1120 2366 1323 2457 diligentia,
1346 2363 1439 2434 lam·
1490 2366 1605 2449 dicat,
1645 2365 1731 2439 κατ’
1753 2365 1937 2468 αλψίλιπος
1962 2372 2114 2471 πέτρης,
2157 2379 2252 2468 apud
2279 2376 2481 2447 Homerum

452 2469 562 2543 hlichi
573 2471 839 2542 commentariis
855 2464 1019 2551 inhians,
1046 2493 1107 2539 eos
1121 2468 1345 2558 transscripsi
1370 2480 1437 2537 etc.
1491 2465 1550 2566 [ll.
1566 2466 1626 2552 lx,
1646 2465 1726 2566 15.]
1741 2472 1786 2540 de
1802 2475 1936 2544 excelsa
1956 2500 2065 2568 rupe,
2095 2489 2132 2546 et
2152 2476 2237 2551 κατ’
2260 2476 2484 2572 Οὐλύμποιο

449 2574 491 2645 In
507 2599 616 2670 quam
633 2574 845 2645 sententiam
869 2570 1113 2661 accipiendum
1141 2570 1301 2651 videtur,
1338 2570 1437 2662 quod
1488 2569 1677 2666 καρήνων,
1703 2575 1748 2639 de
1764 2570 1914 2666 Olympi
1929 2580 2072 2650 vertice.
2103 2578 2276 2671 Odyssl.
2293 2576 2361 2675 [vs.
2373 2580 2484 2670 102]

451 2691 503 2749 est
520 2680 616 2769 apud
631 2675 766 2746 Lucam
781 2699 858 2766 cap.
877 2677 910 2745 1.
926 2668 994 2771 [vs.
1009 2669 1065 2769 3.]
1084 2665 1438 2766 παρακολουθηκάτι
1488 2673 1756 2765 Propemodum
1774 2676 1845 2745 tale
1865 2691 1937 2761 est,
1961 2677 2058 2751 κατὰ
2072 2685 2217 2775 πετρῶν
2232 2677 2382 2774 σπείρω.
2436 2677 2484 2747 Ιτι

448 2775 589 2849 inhiare
601 2781 680 2858 τοῖς
694 2774 895 2857 αύτόπταις
909 2775 1141 2845 narrantibus
1158 2774 1286 2856 solito,
1320 2773 1437 2866 equi·
1489 2788 1611 2866 petras
1627 2776 1780 2846 semino.

447 2884 514 2953 hus
528 2905 604 2950 rem
621 2904 765 2949 omnem
782 2879 892 2946 didici
908 2890 974 2946 etc.
1002 2877 1163 2967 Congere
1178 2899 1323 2946 acervos
1338 2900 1436 2944 com·
1588 2879 1801 2951 Accusativo
1824 2879 2030 2954 σεσκιιάιικι
2053 2883 2190 2970 signat,
2223 2877 2320 2953 κατά
2342 2877 2483 2973 τύπον,

447 2983 648 3075 positorum
681 2986 701 3048 a
733 2974 858 3072 παρά,
896 2991 1118 3068 spectaturus
1148 2978 1325 3068 duplicem
1355 3000 1435 3046 eam
1487 2981 1682 3050 secundum
1711 2992 1857 3072 typum,
1896 2977 1993 3053 κατά
2015 2977 2180 3077 ῥάβδον,
2222 2985 2318 3074 apud
2342 2980 2483 3052 Isocra-

447 3083 765 3176 significationem,
794 3079 1000 3161 minuendi,
1026 3093 1089 3148 aut
1106 3084 1434 3175 penpeseuietoetn.
1488 3093 1580 3162 tem,
1622 3084 1668 3150 ad
1697 3080 1893 3173 virgulam,
1931 3080 2029 3156 κατά
2052 3082 2198 3180 ῥάβδον
2221 3083 2380 3180 ἔφρασε,
2419 3084 2480 3154 Ad

447 3185 584 3256 Minuit
610 3176 959 3280 παραδειγματίζω,
994 3205 1107 3273 prope
1135 3181 1329 3273 significat,
1363 3206 1435 3254 not-
1487 3180 1662 3273 virgulam
1685 3184 1956 3274 pronuntiavit,
1995 3187 2129 3271 idest,
2169 3199 2306 3257 sartum
2330 3209 2480 3257 carmen

447 3281 665 3388 ρεμβάλλω,
704 3309 818 3376 prope
848 3283 998 3355 infodio.
1065 3284 1193 3356 Graeci
1224 3280 1294 3354 hoc
1323 3285 1436 3355 verbo
1487 3285 1625 3355 cecinit.
1678 3285 1870 3379 Temporis
1883 3287 1969 3359 item
1991 3301 2077 3358 nota
2103 3301 2174 3373 est,
2199 3301 2240 3360 ut
2263 3286 2354 3363 καθ’
2377 3285 2479 3384 ἡμᾶς

447 3392 648 3483 significant
672 3389 729 3471 id,
768 3388 864 3481 quod
890 3384 1013 3455 Latini
1033 3388 1184 3458 dicimus
1208 3388 1342 3456 vallum
1370 3390 1437 3457 du·
1487 3384 1636 3470 ἔνδοξος
1647 3383 1742 3485 ἀνήρ
1759 3389 1860 3462 ἐστιν
1876 3382 2049 3484 Ἰωάννης
2063 3388 2083 3463 ὃ
2099 3389 2283 3464 καπνίων.
2474 3473 2476 3478 ,

447 3518 547 3577 τετε,
573 3494 668 3562 vallo
685 3490 846 3573 munire,
871 3490 1017 3559 vallare.
1069 3490 1164 3561 Psal.
1180 3488 1243 3560 33.
1268 3485 1350 3586 [34,
1364 3484 1435 3586 8.],
1589 3490 1797 3581 Composita
1814 3504 1876 3560 aut
1894 3491 2068 3566 deorsum
2084 3493 2279 3583 significat,
2305 3506 2345 3563 ut
2359 3517 2480 3566 κατα·

446 3594 680 3692 παρεμβαλεῖ
694 3592 850 3691 ἄγγελος
864 3588 999 3687 κυρίου
1012 3585 1138 3689 κύκλῳ
1153 3588 1436 3687 τῶνφοβουμί-
1485 3587 1628 3684 βαίνω,
1660 3593 1848 3664 descendo.
1898 3592 1958 3662 Sic
1979 3592 2193 3691 καταλέφω,
2229 3597 2356 3664 ordine
2379 3595 2479 3680 dico,

445 3723 526 3773 νων
546 3694 684 3787 αὐτὸν,
710 3691 774 3767 καὶ
794 3688 944 3788 ῥύσεται
964 3689 1113 3776 αὐτούς.
1172 3693 1296 3766 Nostri
1319 3706 1436 3763 verte-
1487 3704 1522 3760 et
1542 3692 1646 3787 quasi
1670 3695 1808 3763 deduco
1830 3696 2035 3789 deputoque
2065 3698 2229 3766 dicendo.
2295 3697 2479 3769 Homerus

445 3812 549 3871 runt:
581 3797 755 3868 Immittet
776 3797 922 3886 angelus
945 3794 1095 3865 Domini
1122 3795 1160 3864 in
1185 3820 1275 3889 gyro
1305 3795 1435 3865 timen·
1487 3789 1546 3890 [ΙΙ.
1563 3792 1624 3878 ΙΙΙ,
1640 3793 1746 3893 116.]
1775 3794 1857 3869 οὔτι
1883 3792 2024 3893 ψεῦδος
2044 3794 2135 3890 ἐμάς
2156 3797 2247 3880 ἄτας
2269 3797 2478 3881 κατέλεξας.

445 3905 537 3972 tium
560 3926 663 3983 eum,
696 3911 731 3967 ct
753 3898 881 3989 eripiet
905 3921 978 3968 eos.
1044 3896 1191 3991 Quanto
1216 3899 1433 3991 praestabat,
1487 3895 1592 3967 Unde
1605 3897 1646 3966 fit
1658 3894 1875 3996 κατάλογος.
1903 3894 1955 3967 lta
1970 3900 2022 3982 lit,
2037 3912 2078 3968 ut
2092 3897 2189 3972 κατὰ
2209 3904 2479 3994 propemodum

445 4003 594 4073 vallabit
618 4013 682 4073 aut
702 4000 798 4069 vallo
820 4000 978 4083 muniet,
1012 4002 1157 4093 quando
1175 4002 1219 4070 id
1244 4013 1280 4069 et
1293 3999 1435 4071 Graeca
1486 3998 1549 4073 dte
1579 3999 1875 4089 significationem
1906 4000 2086 4084 obtineat,
2118 4014 2159 4070 ut
2181 4005 2277 4094 apud
2301 4000 2480 4073 Theocri-

445 4120 482 4176 et
495 4104 669 4176 Hebraica
685 4114 818 4173 sonant
832 4096 911 4207 Πξὴ
927 4114 964 4171 et
977 4101 1219 4198 παρεμβαλεῖ.
1269 4102 1364 4174 Nam
1378 4104 1434 4171 fu·
1486 4113 1562 4170 tum
1592 4103 1736 4196 ssdyllio
1750 4102 1794 4173 X.
1813 4097 1887 4226 [vs.
1903 4096 1982 4200 55.]
2005 4097 2057 4195 μὴ
2076 4097 2254 4199 ’πιτύμης
2273 4101 2345 4199 τὴν
2364 4107 2480 4200 χεῖρα

445 4222 566 4278 turum
597 4220 650 4278 est
675 4201 745 4275 hoc
770 4197 1023 4300 παρεμβάλλω
1049 4203 1300 4300 παρεμβαλιό,
1340 4216 1381 4273 ut
1411 4226 1432 4272 a
1485 4199 1704 4298 καταπρίων
1718 4200 1762 4276 τά
1775 4227 1956 4296 κυμινον,
1981 4204 2035 4275 Ne
2050 4203 2186 4276 incidas
2203 4231 2349 4277 manum
2363 4207 2478 4275 disse·

443 4303 578 4408 ψάλλω
591 4313 712 4406 pato.
765 4305 812 4375 Et
825 4308 965 4389 nescio,
995 4331 1168 4399 quorsum
1190 4307 1306 4377 nostri
1325 4301 1434 4377 huius
1486 4328 1570 4376 cans
1585 4306 1781 4377 cuminum.
1814 4306 2076 4376 Paroemiacon
2092 4319 2156 4391 est,
2182 4311 2276 4378 unde
2293 4321 2328 4376 et
2343 4330 2477 4379 avaros

444 4413 610 4484 versiculi
625 4412 848 4503 interpretes.
895 4405 1172 4501 chrysostomus
1188 4410 1226 4478 in
1241 4408 1356 4479 nobili
1370 4408 1432 4477 illa
1485 4402 1797 4502 κυμινοπρίστας,
1838 4408 2071 4480 cuminisecas
2100 4408 2307 4480 Aristoteles
2341 4423 2477 4503 quarto

444 4514 625 4608 Panegyri
658 4516 703 4581 de
734 4510 887 4601 angelis,
929 4512 975 4578 ad
1003 4513 1208 4581 coelestium
1241 4512 1432 4602 spirituum
1486 4508 1681 4578 Moralium
1694 4523 1889 4601 nuncupat.
1932 4510 2124 4581 Antvitiat
2139 4512 2360 4605 infamatque
2376 4535 2477 4580 com·

444 4619 568 4688 munia
599 4616 727 4696 refert,
764 4613 814 4682 sic
843 4611 1028 4704 inquiens:
1075 4608 1128 4685 δι’
1156 4609 1326 4711 ἀγγέλων
1356 4614 1436 4693 τοῖς
1486 4609 1701 4702 positionem
1735 4612 1884 4703 perinde
1910 4636 1953 4682 ac
1983 4611 2108 4711 παρά,
2151 4625 2193 4683 ul
2217 4609 2477 4712 καταψηφίζε-

445 4716 559 4803 άξίοις
573 4718 613 4791 ἐκ
634 4715 852 4812 πειρασμῶν
875 4711 1072 4805 λύτρωσις,
1107 4712 1341 4809 παρεμβαλεῖ
1357 4709 1433 4812 γάρ
1487 4713 1602 4812 σθαι,
1628 4715 1723 4804 apud
1739 4710 2038 4799 Demosthenem,
2064 4717 2242 4787 damnari.

445 4845 560 4916 φησιν
584 4819 740 4919 ἄγγελος
759 4812 895 4912 κυρίου
919 4809 1044 4911 κύκλῳ
1069 4820 1148 4889 τῶν
1179 4813 1435 4913 φοβουμένων
1587 4809 1701 4887 Μετά
1717 4817 1873 4907 genitivo
1891 4830 2091 4889 constructa
2116 4819 2212 4887 idem
2234 4831 2352 4910 potest
2376 4820 2477 4911 quod

447 4920 585 5008 αὐτὸν,
612 4919 675 4993 καὶ
688 4918 836 5014 ῥύσεται
853 4912 1002 4999 αὐτούς.
1487 4908 1578 5009 σύν,
1604 4930 1731 4987 autore
1753 4918 1950 4991 Prisciano.
2002 4916 2095 5012 ἡδύς
2112 4917 2209 5013 μετά
2233 4918 2356 5017 φίλων
2376 4916 2478 5016 βίος,

1486 5017 1613 5089 Suavis
1627 5044 1707 5090 cum
1725 5022 1848 5092 amicis
1862 5022 1948 5091 vita.
1999 5021 2112 5112 Saepe
2128 5019 2196 5092 hac
2215 5024 2478 5115 significatione

540 5073 635 5147 Ἀνά
645 5095 716 5165 pet·
730 5072 800 5140 loci
816 5084 878 5140 aut
892 5069 1084 5163 temporis,
1110 5070 1301 5140 accusativi
1323 5070 1433 5142 solius
1486 5122 1647 5191 dativum
1691 5122 1800 5193 amur
1821 5137 1863 5195 ut
1884 5119 1956 5195 σὺν
2066 5118 2141 5196 ἀπ
2166 5123 2293 5200 mm
2341 5124 2478 5194 Home·

443 5191 515 5264 cst,
540 5171 614 5250 ἀνά
630 5172 719 5248 ὅλον
731 5170 895 5269 χρόνον,
921 5186 1274 5265 peromnetempus.
1327 5168 1434 5244 Sche-
1485 5146 2065 5323 ‘⁰⁸[11·V13536.etal.].’m
2142 5150 2165 5222 f
2300 5177 2313 5217 s

444 5282 601 5354 maticois
616 5277 795 5370 genitivo,
820 5288 860 5346 ut
874 5272 950 5349 άνὰ
967 5274 1094 5372 μέσων
1109 5272 1247 5373 ὀρέων,
1273 5299 1337 5368 ρετ
1358 5301 1433 5345 me·

443 5385 523 5456 dios
541 5394 693 5453 montes·
1587 5328 1800 5400 Accusativo
1816 5339 1902 5423 post
1916 5328 2097 5419 designat,
2129 5325 2223 5421 μετὰ
2248 5323 2297 5401 τά
2318 5324 2478 5424 φυσικά,

1485 5429 1523 5497 id
1540 5441 1613 5512 est,
1638 5443 1721 5522 post
1735 5433 1926 5502 naturalia.

546 5533 754 5626 Composita
777 5530 969 5622 significat,
996 5533 1094 5623 qnod
1117 5529 1309 5602 reLatinis
1330 5530 1432 5613 solet,
1587 5530 1794 5622 Composita
1817 5548 1879 5606 aut
1900 5555 2004 5617 cum,
2029 5530 2171 5626 μετέχω
2189 5532 2384 5625 participo,
2409 5527 2479 5623 μέ-

442 5630 637 5733 ἇναμάθω
657 5636 807 5706 redisco.
861 5632 1071 5724 Caveputes
1086 5634 1130 5701 ab
1145 5628 1220 5705 ἀνὰ
1235 5632 1432 5724 composita
1483 5657 1606 5714 τοικος
1627 5633 1834 5725 inquilinus.
1896 5640 1970 5708 Aut
1994 5646 2121 5720 λναιιε,
2153 5634 2347 5729 μέτωπον,
2374 5647 2478 5704 trans

441 5764 539 5826 esee,
562 5766 655 5837 quae
677 5736 844 5833 privandi
868 5734 1103 5827 significantia
1124 5760 1359 5827 usurpamus,
1386 5736 1432 5805 ab
1484 5735 1632 5817 faciem,
1656 5734 1767 5809 frons.
