5534 6700
527 600 684 679 586

604 769 970 845 CCXXIX.
1043 771 1168 844 De
1223 776 1603 846 consule
1657 784 2024 866 petente
2074 796 2116 842 a
2170 783 2442 865 poeta

1220 876 1820 947 mendacium.

732 1010 1052 1104 Quidam
1125 1012 1372 1083 consul
1449 1013 1528 1080 in
1581 1011 2019 1081 Pomerania
2077 1008 2512 1078 invitaverat
2557 1042 2565 1142 1

520 1126 815 1206 poetam
881 1115 971 1182 ad
1036 1114 1487 1197 convivium,
1572 1125 1645 1182 et
1689 1125 1774 1183 ut
1816 1113 2179 1183 videretur
2216 1112 2509 1195 facetus,
2557 1149 2565 1206 f,

523 1216 740 1286 dixit:
820 1215 1180 1305 Regulare
1242 1228 1383 1299 est,
1467 1217 1665 1310 quod
1707 1228 1964 1308 poetae
2024 1214 2510 1294 mentiantur3

523 1319 738 1388 dicite
780 1318 1003 1409 igitur
1044 1313 1226 1386 mihi
1274 1316 1573 1411 aliquod
1615 1318 2095 1388 mendacium.

523 1422 864 1512 spondet:
933 1416 1249 1491 Domine
1293 1420 1580 1505 consul,
1629 1421 1802 1513 quid
1845 1445 1964 1490 me
2007 1419 2316 1503 vexatis,
2379 1441 2509 1488 vos

522 1523 689 1592 estis
738 1523 853 1590 vir
898 1522 1157 1594 bonus.
1293 1521 1563 1594 Consul
1626 1546 1800 1592 vero
1856 1522 2073 1595 istum
2134 1518 2506 1592 hominem

523 1647 675 1693 non
706 1623 1080 1694 intellexit.

1034 1790 1370 1865 CCXXX.
1442 1790 1566 1863 De
1619 1791 2004 1886 pictore.

729 1925 1044 2019 Quidam
1078 1927 1315 2018 pictor
1345 1928 1422 1996 in
1452 1926 1888 1997 mactatione
1914 1921 2330 2019 Iphigeniae
2361 1923 2510 1993 cui-

522 2027 702 2098 libet
741 2031 1002 2100 ducum
1046 2029 1215 2099 fecit
1248 2030 1681 2121 peculiarem
1730 2042 2005 2121 gestum
2027 2080 2050 2113 ,
2109 2052 2256 2123 quo
2297 2026 2512 2097 dolor

526 2141 598 2199 et
641 2143 878 2220 gestus
916 2132 1476 2222 significaretur,
1533 2146 1607 2201 et
1651 2131 1873 2202 alium
1919 2131 2154 2222 pinxit
2191 2130 2512 2212 flentem,

526 2232 745 2301 alium
782 2233 927 2303 alio
959 2250 1157 2327 gestu
1191 2235 1517 2305 dolorem
1542 2234 2087 2325 significantem.
2174 2232 2318 2303 Sed
2346 2255 2509 2302 cum

525 2356 680 2402 non
709 2346 949 2424 posset
980 2360 1158 2427 prae
1187 2335 1686 2427 magnitudine
1717 2336 1989 2406 doloris
2020 2335 2352 2405 affectum
2380 2356 2510 2424 pa-

525 2435 660 2506 tris
673 2435 741 2531 ⁴)
786 2437 1225 2543 exprimere,
1277 2437 1513 2529 pinxit
1548 2461 1712 2508 eum
1745 2438 2057 2507 obducto
2097 2449 2254 2506 toto
2284 2435 2510 2506 vultu.

706 2602 1076 2679 ccxxxl.
1144 2605 1268 2678 De
1313 2604 1952 2678 Maximiliani
1997 2604 2338 2683 indole.

736 2742 1051 2836 Quando
1100 2747 1637 2820 Maximilianus
1702 2747 2113 2816 adolescens
2166 2741 2304 2814 fuit
2362 2741 2513 2811 Ro-

527 2865 689 2912 mae
720 2868 884 2915 cum
925 2848 1148 2917 fratre
1173 2848 1587 2933 friderico,
1649 2861 1858 2940 pater
1898 2847 2096 2918 misit
2143 2846 2209 2914 ei
2248 2866 2512 2914 munus
2557 2834 2558 2885 7

526 2946 937 3017 natalitium
958 3002 980 3032 ,
1066 2950 1200 3026 Gla
1256 2966 1402 3025 new
1443 2950 1673 3045 Ebot,
1757 2972 1880 3021 sex
1916 2943 2217 3040 pulchra
2267 2969 2512 3038 poma,

531 3073 717 3140 quae
754 3063 962 3120 erant
991 3049 1098 3120 illi
1134 3053 1425 3141 aliunde
1454 3054 1712 3135 missa,
1777 3049 2098 3147 voluit&
2121 3051 2512 3147 ‘explorare

525 3149 896 3240 ingenium
948 3152 1118 3237 filii,
1185 3168 1255 3223 et
1303 3154 1382 3223 in
1429 3154 1569 3224 illis
1598 3155 1704 3226 20
1732 3176 1988 3224 aureos
2021 3151 2300 3223 infixos.
2399 3148 2512 3220 Illi

530 3264 768 3322 autem
790 3305 811 3334 ,
865 3256 992 3347 qui
1021 3269 1230 3324 erant
1269 3254 1509 3338 missi,
1559 3249 2042 3324 exhibuerunt
2073 3260 2513 3336 reverenter,

526 3366 615 3424 ut
654 3356 975 3426 decebat.
1077 3356 1304 3430 Filius
1348 3357 1723 3450 respondit
1757 3382 1841 3428 ‚se
1879 3368 2298 3436 reverenter,
2333 3356 2518 3428 illud

527 3480 798 3528 munus
845 3458 1208 3550 accipere,
1260 3472 1332 3529 et
1385 3471 1778 3531 oraturum-
1805 3482 1881 3530 se
1910 3456 2188 3542 Deum,
2254 3471 2338 3530 ut
2378 3481 2515 3549 pa-

529 3571 718 3627 trem
748 3572 982 3630 servet
1008 3560 1440 3632 incolumem
1462 3614 1486 3648 ,
1531 3586 1752 3657 seque
1797 3559 2279 3632 obedientiam
2322 3561 2517 3658 patri

528 3660 613 3728 in
640 3660 976 3754 omnibus
1003 3664 1560 3737 declaraturum.
1650 3661 1910 3752 Postea
1945 3661 2325 3750 collocavit
2360 3686 2515 3732 mu-

528 3783 672 3833 nus
697 3761 776 3832 in
807 3787 1170 3854 mensam,
1222 3779 1294 3837 et
1320 3765 1661 3860 inspexit:
1713 3759 2112 3860 ubiau'tern
2153 3759 2337 3833 'vidit
2380 3764 2517 3834 im-

535 3859 814 3955 positos
860 3889 1118 3939 aureos
1135 3922 1157 3951 ,
1238 3870 1524 3961 collegit
1547 3879 1642 3940 ·et
1687 3865 1945 3938 abiecit
1972 3867 2192 3958 ,inter—
2222 3863 2517 3954 iuvenes

537 3968 857 4051 sodales,
935 3970 1302 4063 inquiens:
1383 3969 1514 4041 Illa
1558 3981 1792 4042 vestra
1833 3961 2042 4052 sunt,
2081 3965 2240 4040 ''sed
2293 3965 2517 4060 'peina

537 4063 720 4146 mihi
763 4070 1144 4162 diligenter
1182 4074 1350 4143 volo
1395 4072 1694 4146 servari.
1769 4093 1778 4114 ²
1827 4072 2048 4165 Quod
2093 4095 2256 4143 cnm
2279 4072 2518 4162 patri,

538 4169 666 4266 qui
699 4172 1077 4264 diligenter
1107 4199 1147 4244 a
1178 4177 1609 4248 relatoribus
1638 4174 1944 4248 reversis
1972 4174 2252 4266 singula
2277 4172 2520 4269 inqui-

534 4274 785 4358 rebat,
835 4277 1140 4347 relatum
1191 4291 1409 4360 esset,
1460 4278 1732 4374 placuit
1777 4277 1842 4345 ei
1885 4290 1956 4346 et
2004 4277 2248 4372 ridens
2301 4275 2516 4346 dixit:

533 4371 738 4446 Bene
757 4429 780 4458 2
856 4376 1057 4456 mein
1116 4375 1232 4470 fon
1294 4384 1513 4458 wfitbt
1573 4382 1678 4456 eiu
1742 4376 2194 4474 fitetgnebtein
2234 4384 2515 4456 methea.

534 4471 858 4561 Placuit,
944 4485 1140 4575 quod
1187 4496 1379 4553 recte
1424 4483 1902 4556 distribuisset
1970 4495 2041 4552 et
2097 4481 2524 4576 applicasset

535 4578 661 4647 illa
698 4581 927 4665 dona,
980 4608 1164 4677 quae
1206 4584 1540 4657 istifsuae
1575 4584 1794 4656 aetati
1841 4595 2048 4664 erant
2089 4586 2519 4654 convenien-

535 4682 669 4763 tia,
720 4683 1037 4775 neglecta
1067 4688 1396 4779 pecunia,
1436 4683 1747 4784 qnamfsi
1780 4685 2190 4778 accepisset,-
2234 4686 2514 4778 signum

534 4785 982 4876 praebuisset
1008 4791 1426 4862 abiectionis
1457 4803 1776 4870 nostrae.
1874 4788 2409 4860 Animadvertit
2443 4788 2519 4856 in

540 4909 627 4954 eo
657 4887 932 4979 regiam
960 4890 1278 4964 indolem
1328 4905 1398 4964 et
1439 4892 1948 4966 liberalitatem
1992 4892 2072 4962 in
2115 4893 2280 4962 loco
2326 4915 2522 4962 com-
2581 4983 2590 4998 ἱ

536 4991 860 5063 modam.

771 5155 1165 5236 ccxxxll.
1246 5159 1372 5234 D'e
1424 5163 1831 5257 Doctore
1900 5159 2289 5262 quodam
2425 5145 2486 5166 ”

1254 5265 1796 5342 Pomerano.

742 5395 1131 5471 Praestans
1208 5400 1502 5495 quidam
1575 5402 1713 5473 fuit
1777 5400 2054 5474 Doctor
2128 5400 2522 5495 aliquando

533 5491 1118 5593 Wittembergae
1175 5503 1472 5574 nomine
1521 5499 1910 5579 Muschler.
2039 5501 2107 5577 Is
2165 5529 2326 5575 cum
2393 5503 2522 5573 ali-

605 5718 671 5784 4)
707 5720 922 5783 μαι-ιι]
957 5720 1015 5771 ιιι
1054 5720 1189 5773 coa.
1225 5719 1402 5770 aaut.

604 5805 672 5867 s)
706 5808 915 5868 volun]
952 5807 1123 5861 com:
1168 5806 1348 5858 nolunt

893 600 985 675 V.
1081 599 1604 677 msTomlffl
1653 601 2135 698 QUAEDAM
2184 596 2742 673 RECITATAE
2792 596 3095 672 INTER
3141 597 3610 672 PUBLICAS
3653 598 4216 677 LECTIONES.

4434 600 4605 679 586-

2614 772 2907 865 quando
2939 769 3218 839 veniret
3245 771 3334 838 ad
3367 769 3669 862 Augusti
3697 772 4042 864 principis
4089 773 4462 864 coniugem
4513 776 4591 844 in

2613 875 2851 943 aulam
2875 927 2896 957 ,
2948 872 3293 943 invitatus
3328 886 3433 945 est
3463 874 3554 943 ab
3585 873 3705 942 illa
3738 877 3831 944 ad
3878 898 4173 944 coenam
4194 930 4215 959 ,
4261 875 4387 945 ubi
4421 898 4593 944 con-

2611 977 2860 1046 stituto
2895 988 3221 1064 tempore
3250 976 3679 1065 comparuit,
3725 980 3902 1050 ”aab
3941 977 4154 1069 baben
4185 977 4301 1070 fid)
4330 997 4406 1068 8¹²
4440 975 4588 1071 tifd)

2612 1076 2799 1171 gefe&
2845 1079 2942 1152 bie
2986 1072 3250 1167 θῆτίῖἰιι
3294 1077 3510 1170 sumpt
3552 1079 3694 1152 iren
3725 1077 4195 1172 &nuditatum
4242 1083 4420 1154 »aab
4450 1082 4594 1154 bem

2610 1180 2896 1254 Ductor.
2997 1179 3092 1249 Et
3116 1180 3305 1250 inter
3335 1183 3785 1251 coenandum
3818 1183 4048 1252 movit
4097 1183 4592 1277 quaestionem

2223 1313 2352 1385 me
2398 1338 2512 1384 re„
2611 1283 3031 1373 principissa
3092 1305 3175 1351 ac
3219 1281 3609 1352 Doctorem
3662 1284 4062 1374 interrogat
4103 1286 4378 1354 dicens:
4445 1283 4593 1379 sper

2612 1385 2912 1473 Ductor,
2962 1381 3107 1477 fagt
3137 1386 3268 1458 mit
3285 1436 3309 1474 ,
3361 1394 3512 1460 met
3538 1384 3696 1479 beist
3727 1385 3854 1478 anf
3875 1387 4220 1479 Qateinifd)
4248 1389 4352 1461 ein
4386 1383 4592 1475 ranst.

2608 1486 2888 1556 Doctor
2917 1489 3321 1576 respondit:
3376 1488 3708 1558 scientia.
3814 1491 3935 1565 Da
3970 1490 4114 1584 sagt
4146 1493 4246 1565 bie
4278 1485 4590 1578 &fltfflut

2611 1591 2718 1680 Qt)
2763 1586 2876 1678 bet
2919 1589 3223 1678 moctot,
3308 1597 3380 1663 ee
3422 1588 3501 1679 ist
3544 1592 3649 1663 ein
3697 1595 3900 1666 nubet
3940 1602 4135 1666 mort.
4271 1593 4395 1666 Qu
4441 1599 4590 1665 ant=

2610 1694 2827 1765 wotbt
2855 1694 2965 1765 bet
2993 1690 3295 1766 Ductor:
3351 1692 3458 1774 Sa
3498 1693 3766 1786 gnebige
3796 1694 4041 1783 gram,
4090 1697 4149 1768 it
4192 1694 4309 1786 {eit
4351 1697 4477 1767 bae
4521 1715 4590 1781 α,

2610 1792 2702 1887 id)
2738 1795 2852 1868 bin
2878 1796 3003 1868 bass
3036 1814 3111 1880 t,
3162 1796 3292 1868 »ab
3324 1797 3423 1869 bie
3453 1793 3847 1887 Ξυηᾶῇαω
3880 1800 4003 1870 δαδ
4036 1803 4113 1882 6,
4162 1794 4230 1887 Ῐο
4271 1795 4398 1868 Ielt
4425 1793 4589 1890 mid)

2610 1916 2752 1971 mm
2811 1897 2884 1970 αῐ
2937 1899 3138 1970 better!
3187 1894 3507 1991 ansatum.
3622 1895 3730 1966 Ibi
3776 1897 4196 1991 principissa
4244 1897 4595 1989 incipiens

2609 1999 2847 2069 ridere
2886 1998 3253 2093 inquiens:
3322 2002 3429 2090 ὦ)
3476 2001 3595 2094 bet
3637 2001 3937 2089 Doctot,
4002 2007 4153 2074 ωαὸ
4196 1997 4397 2089 Tollen
4440 2000 4592 2072 wflt

2610 2098 2829 2194 than?
2927 2097 3035 2170 lbi
3066 2098 3343 2171 Doctor
3386 2106 3805 2174 erubescens
3839 2126 3989 2174 sese
4018 2101 4419 2185 excusavit,
4465 2123 4595 2170 vo·

2610 2203 2746 2274 luit
2779 2205 2970 2271 enim
3017 2204 3288 2273 dicere:
3357 2206 3546 2298 22th
3588 2205 3747 2300 mid)
3795 2203 3953 2299 and)
3998 2205 4337 2298 jusanen,
4393 2202 4592 2297 quod

2611 2318 2849 2374 autem
2878 2305 3079 2397 prius
3102 2305 3321 2383 ,dixitt
3377 2309 3537 2383 lefet
3568 2307 3728 2403 mid)
3766 2309 3890 2382 alle
3921 2305 4222 2401 gustuum
4235 2356 4261 2396 ,
4313 2305 4388 2374 id
4419 2328 4591 2377 suae

2609 2407 2899 2498 linguae
2930 2405 3200 2489 idioma
3234 2408 3411 2490 fuit;
3464 2423 3620 2479 erat
3655 2410 3845 2479 enim
3876 2409 4090 2482 Saxo.
4166 2481 4170 2485 ,

2698 2570 3131 2646 CCXXXIII.
3195 2573 3320 2645 De
3366 2575 3815 2668 Hispanis
3855 2576 4505 2651 accusantibus

3331 2677 3864 2751 Germanos.

2791 2807 2971 2879 O‘rta
3006 2822 3161 2879 erat
3191 2810 3538 2883 dissensio
3569 2811 3646 2880 in
3678 2813 3842 2882 aula
3863 2809 4325 2904 Imperatoris
4345 2810 4590 2883 Caroli

2613 2910 2851 3003 quinti
2867 2911 3058 2981 inter
3073 2913 3449 2984 satellitem
3466 2911 3934 3006 Hispanicum
3969 2927 4039 2985 et
4054 2913 4594 2998 Germanicum,

2611 3013 2854 3084 nescio
2886 3036 2972 3083 ex
3005 3036 3146 3107 qua
3180 3038 3418 3087 causa.
3484 3014 3590 3086 lbi
3623 3018 3918 3117 quidam
3946 3015 4249 3108 Hispani
4280 3016 4594 3086 insolen-

2612 3115 2835 3186 tiores
2885 3117 3154 3186 adennt
3194 3113 3711 3210 Imperatorem
3763 3131 3835 3189 et
3876 3119 4270 3190 insolenter
4314 3125 4626 3209 petunt,‘

2611 3228 2696 3288 ut
2739 3241 2990 3288 omnes
3037 3217 3442 3291 Germanos
3493 3244 3579 3292 ex
3623 3222 3783 3291 aula
3833 3220 4186 3301 dimittat:
4263 3243 4339 3290 se
4396 3218 4591 3288 enim

2614 3319 2882 3391 servire
2912 3316 3079 3391 non'
3097 3345 3346 3415 posse,
3408 3322 3469 3395 si
3514 3322 3620 3394 illi
3661 3324 3876 3396 simul
3910 3323 4251 3396 serviant.
4364 3317 4595 3414 Impe-

2614 3435 2818 3492 rator
2844 3424 3147 3495 miratus
3177 3425 3468 3496 illorum
3498 3425 3787 3497 stultam
3829 3439 3897 3495 et
3943 3426 4366 3496 insolentem
4413 3425 4594 3514 peti-

2617 3524 2931 3608 tionem,
2999 3524 3237 3611 Bene,
3299 3528 3575 3621 inquit,
3632 3527 4219 3622 quandoquidem
4263 3548 4416 3595 non
4464 3549 4594 3616 po-

2616 3626 2815 3698 testis
2844 3630 3069 3713 ferre,
3120 3629 3433 3714 curabo,
3481 3641 3564 3699 ut
3602 3629 4010 3699 liberemini
4052 3630 4185 3699 ista
4234 3625 4588 3698 molestia.

2619 3727 3009 3806 Constituit
3063 3729 3204 3800 illis
3265 3743 3536 3801 certum
3599 3731 3787 3801 diem
3809 3786 3830 3816 ‚
3903 3732 4030 3827 qui
4074 3755 4238 3802 cum
4295 3730 4595 3814 adesset,

2561 3863 2564 3871 ¹
2618 3844 3006 3923 congregat
3035 3856 3282 3904 omnes
3311 3833 3715 3905 Germanos
3741 3836 3817 3904 in
3848 3858 4070 3905 unum
4103 3833 4370 3917 locum,
4402 3830 4599 3901 Boni

2618 3933 2861 4018 socii„
2913 3933 3287 4029 inquiens,
3362 3935 3772 4030 petiverunt
3831 3961 3873 4007 a
3930 3961 4045 4008 me
4087 3934 4431 4028 Hispani,
4514 3945 4596 4003 ut

2620 4060 2870 4107 omnes
2912 4036 3315 4108 Germanos
3375 4037 3757 4110 dimittam.

2619 4133 3047 4211 Germanus.
3178 4139 3435 4211 Venite
3492 4141 3751 4232 igitur,
3837 4141 4176 4211 abeamus
4196 4191 4217 4222 ,
4305 4160 4397 4205 ne
4455 4136 4596 4207 illis

2618 4239 2922 4339 simus⁶)
2957 4241 3274 4346 molesti:
3322 4255 3394 4312 et
3424 4266 3808 4313 conscenso
3839 4266 4026 4338 equo
4057 4238 4596 4334 praecedit-eos.

2617 4340 2730 4412 Illi
2760 4344 2933 4414 laeti
2962 4357 3034 4415 et
3070 4345 3458 4416 clamantes
3486 4356 3909 4439 sequuntur.
4008 4341 4116 4414 Ibi
4143 4340 4450 4434 Hispani
4481 4363 4596 4409 ac·-

2621 4458 2922 4517 currunt
2952 4459 3022 4517 et
3057 4449 3148 4516 ad
3185 4448 3404 4539 pedes
3444 4473 3518 4519 se
3565 4447 3952 4532 abiiciunt,
4001 4447 4317 4517 retinent
4355 4445 4597 4512 frenos

2621 4559 2693 4618 et
2723 4571 2985 4644 equos,
3037 4561 3108 4618 et
3141 4563 3356 4621 orant
3385 4573 3515 4643 per
3546 4547 3779 4622 Deum
3802 4605 3824 4635 ,
3875 4573 3967 4620 ne
3996 4572 4208 4642 aegre
4249 4549 4435 4617 ferat
4477 4567 4596 4613 eo-

2567 4706 2568 4717 ,
2619 4675 2784 4722 rum
2816 4650 3262 4744 petitionem.

2623 4816 3083 4891 ccxxxml.
3164 4819 3289 4890 De
3339 4822 3759 4914 symbolo
3811 4814 4263 4912 Alphonsi
4326 4814 4596 4907 regis.

2822 4954 3001 5026 Pro
3051 4955 3255 5050 lege
3306 4967 3394 5026 et
3450 4979 3611 5049 pro
3681 4978 3944 5048 grege
4012 4953 4064 5025 i.
4106 4976 4169 5025 e.
4231 4974 4367 5045 pro
4431 4951 4601 5022 reli-

2365 5047 2410 5072 ''
2449 5057 2456 5064 ’
2487 5041 2492 5046 ’
2622 5058 2835 5152 gione
2863 5070 2937 5128 et
2970 5058 3381 5131 defensione
3423 5056 3898 5130 subditorum.
4014 5053 4147 5156 Est
4186 5067 4335 5124 tam
4381 5077 4599 5146 grave

2623 5159 2894 5231 dictum
2926 5161 3145 5255 quam
3173 5163 3401 5234 ullum
3437 5160 3632 5232 aliud
3661 5160 3876 5231 etiam
3925 5161 4116 5251 apud
4154 5169 4430 5229 veteres
4447 5210 4469 5244 ,
4527 5161 4613 5225 et'

2623 5262 2686 5335 si
2727 5260 3101 5358 Lycurgus
3165 5265 3360 5336 aliud
3414 5263 3683 5335 dictum
3750 5263 4100 5346 scivisset,
4178 5259 4330 5332 sine
4375 5257 4597 5330 dubio

2624 5364 2843 5435 etiam
2873 5365 3264 5438 recitasset.
3382 5363 3540 5461 Ipse
3567 5360 3980 5459 Alphonsus
4022 5363 4272 5435 solitus
4322 5375 4428 5433 est
4468 5356 4599 5430 ha-

2622 5468 2794 5539 bere
2841 5468 2921 5537 in
2960 5493 3093 5540 suo
3130 5463 3573 5563 hypocausto
3614 5493 3820 5541 avem
3862 5466 4294 5561 pellicanum
4313 5517 4334 5548 ,
4380 5485 4596 5558 quem

2623 5571 2841 5641 talem
2880 5570 3203 5643 scribunt
3228 5568 3496 5643 babere
3535 5586 3870 5644 naturam
3890 5624 3912 5655 ,
3965 5593 4126 5640 cum
4171 5566 4396 5659 gignit
4440 5564 4600 5655 pul-

2691 5805 2760 5868 ⁸)
2794 5802 2989 5869 dnus]
3027 5803 3197 5857 Gom:
3244 5816 3436 5857 sunus

3886 4023 4040 4130 Ego
4094 4060 4382 4131 quoque
4434 4060 4592 4105 sum
4726 4087 4730 4102 .
