5534 6700
485 627 661 719 ⁵6⁶.

851 626 941 702 v.
1036 592 1559 729 ms'romAE
1609 615 2097 716 QUAEDAM
2150 560 2710 685 nscrrA'rAE
2763 607 3073 682 mma
3124 608 3595 681 PunLchs
3647 604 4210 682 merlonus.

4345 604 4574 679 ‘566

489 798 935 891 ᾗβωίαβεη,
988 795 1388 887 bessgteidfln
1411 789 1570 884 oud)
1604 791 1707 865 ein
1738 810 1919 863 man.
2018 788 2152 881 {sie
2197 803 2341 860 mat
2385 787 2474 858 ei:
2583 784 2685 856 bit
2748 786 2903 857 abet
2966 785 3067 856 nit
3126 785 3366 875 geben,
3436 780 3732 875 feblegfht
3773 782 3904 854 mit
3941 784 4062 854 ben
4107 779 4264 873 {ops
4308 782 4431 867 ab,
4503 787 4573 851 ee

488 923 646 987 net,
702 901 810 973 ein
840 898 1024 989 bofet
1067 897 1350 989 mettid),
1403 901 1514 970 bet
1561 913 1719 968 nam
1767 895 1901 967 eine
1955 894 2084 963 »nb
2135 890 2347 982 matht
2399 887 2482 977 ste
2581 885 2762 980 Ῐῴαὓ
2796 888 2927 961 mit
2950 885 3192 979 ηἰῴῐό,
3247 886 3338 979 id)
3367 884 3499 977 bob
3533 886 3754 970 einen,
3814 888 3926 957 bet
3955 885 4085 955 mit
4133 884 4204 955 ἰιι
4249 883 4406 956 mou
4457 882 4573 953 mi=

487 1004 853 1098 febmcnget
884 1004 1018 1075 »ab
1050 998 1191 1090 lieff
1223 1004 1524 1085 batnon,
1578 1001 1710 1070 »nb
1738 1005 1823 1071 ba
1865 995 1948 1085 fic
1999 995 2133 1083 cufi
2180 996 2301 1067 ben
2343 1010 2479 1065 mos
2584 992 2696 1063 ber
2731 989 2857 1063 tan
2890 986 3017 1080 auf
3039 985 3253 1080 scaen.

489 1107 635 1199 dnn
676 1105 865 1189 tam,
939 1104 1087 1177 tam
1136 1106 1244 1175 bet
1286 1102 1414 1174 bub
1462 1102 1702 1185 mibet,
1774 1101 1907 1172 nub
1954 1094 2352 1188 schmangett
2398 1093 2481 1183 [ie

487 1212 730 1293 mibet,
777 1213 904 1282 bas
936 1206 1075 1298 tbet
1105 1225 1172 1277 et
1210 1205 1313 1277 ein
1344 1203 1483 1277 mat
1531 1207 1684 1276 obet
1730 1203 1908 1286 niet,
1975 1196 2097 1288 ties
2134 1199 2291 1290 bin,
2350 1203 2479 1270 bas

487 1315 826 1393 niemanbt
856 1305 1060 1398 ωῆῇ,
1111 1325 1255 1381 men
1286 1327 1353 1379 et
1395 1307 1599 1379 mibet
1651 1304 1824 1389 tem,
1891 1302 1959 1391 Ῐο
2008 1301 2136 1392 {ott
2185 1320 2340 1374 man
2387 1300 2481 1371 im

488 1419 611 1490 ben
646 1411 802 1508 topf
822 1410 933 1504 siit
964 1416 1084 1491 ben
1120 1406 1542 1502 anftbtagen,
1615 1412 1700 1481 ba
1735 1407 1881 1480 tom
1919 1425 1985 1477 et
2018 1406 2122 1477 nit
2168 1423 2307 1476 met
2351 1401 2474 1474 mis

488 1524 622 1592 bet.
745 1516 1077 1585 Canones
1129 1513 1444 1604 primum
1482 1523 1647 1603 post
1689 1507 2142 1601 septennium
2187 1506 2481 1577 solvunt

490 1618 904 1709 coniugium
926 1671 948 1700 ,
1018 1622 1129 1691 bet
1172 1611 1393 1705 tettffel
1440 1615 1660 1688 matht
1713 1611 1780 1704 Ῐο
1824 1612 2008 1702 lang.
2121 1607 2275 1699 Ego
2325 1630 2479 1675 non

489 1722 662 1794 satis
708 1743 997 1813 possum
1044 1718 1340 1799 mirari,
1408 1715 1818 1785 canonistas
1864 1715 1963 1797 ita,
2016 1710 2297 1782 adulari
2338 1710 2483 1778 Pa-

489 1848 626 1916 pae
647 1876 669 1907 ,
753 1821 836 1911 ste
880 1821 1010 1910 sein
1068 1826 1182 1895 bess
1224 1818 1435 1910 §papst
1490 1814 1987 1909 arfcmumpffen
2006 1862 2030 1902 e
2109 1820 2225 1889 bes
2271 1811 2483 1905 &opst

491 1926 643 2018 &fel
660 1976 685 2012 ,
734 1924 863 2020 sscb
891 1926 1050 2017 mufi
1086 1924 1241 2017 nod)
1270 1923 1370 1995 bie
1401 1922 1654 2014 iungat
1682 1916 2097 2009 Theologos
2130 1918 2334 1991 mibet
2381 1916 2481 1988 bie

492 2027 889 2119 ῦαηοηίῇεη
919 2030 1052 2100 vab
1081 2022 1388 2114 &aristen
1427 2022 1758 2118 αητίῴῐειι
1787 2024 1915 2096 nub
1950 2017 2315 2114 infligiten,
2357 2018 2481 2090 mie

491 2134 592 2206 bie
618 2132 851 2214 &uben
891 2130 987 2203 ite
1017 2130 1236 2203 {inber
1260 2130 1465 2205 mibet
1497 2129 1599 2203 bie
1635 2124 1935 2218 §lyristen
1952 2174 1975 2212 ,
2029 2122 2112 2214 sie
2141 2122 2362 2216 &ichen
2397 2120 2481 2211 fic

493 2231 619 2324 auf
642 2235 743 2307 bie
767 2231 1163 2315 Doctores,
1211 2228 1279 2318 fo
1313 2230 1526 2322 baben
1557 2229 1640 2320 ste
1670 2238 1800 2312 υιιὸ,
1841 2228 2072 2320 gelett.
2177 2223 2305 2318 Sd>
2349 2225 2480 2317 bob

493 2336 651 2429 aad)
681 2336 811 2409 viel
844 2335 1170 2426 geletnet,
1226 2338 1355 2407 bas
1388 2331 1539 2423 bod)
1578 2329 1750 2422 nicht
1780 2329 1946 2424 tecbt
1975 2328 2070 2419 ist.

596 2502 725 2573 De
778 2504 1046 2595 malis
1099 2497 1839 2594 cogita-tionibus
1894 2524 1932 2567 a
1982 2494 2380 2566 Diabolo

1251 2603 1369 2673 im
1388 2629 1461 2672 m
1481 2603 1508 2670 i
1527 2627 1560 2672 s
1580 2627 1614 2674 s
1630 2602 1656 2670 i
1672 2627 1728 2673 s.

550 2796 583 2835 ,-
699 2736 1009 2811 CLXVI.
1074 2738 1335 2812 Omnis
1378 2739 1671 2811 tristitia
1700 2764 1740 2808 a
1772 2735 2086 2807 Diabolo
2118 2748 2262 2819 est,
2312 2733 2484 2829 quia

494 2843 645 2936 ipse
681 2855 790 2915 est
816 2843 1155 2913 dominus
1208 2843 1507 2925 mortis,
1575 2866 1657 2910 ac
1709 2839 2000 2912 tristitia
2045 2863 2215 2930 erga
2244 2836 2483 2908 Deum

495 2958 601 3017 est
662 2945 1134 3017 certissimum
1197 2969 1381 3037 opus
1433 2942 1729 3013 Diaboli
1786 2941 2136 3033 proinde,
2227 2940 2291 3012 si
2353 2939 2487 3009 tibi

493 3048 686 3145 mala
720 3047 1345 3145 cogitatio-incidit
1371 3049 1461 3116 de
1496 3045 1697 3129 Deo,
1756 3043 1962 3140 quasi
1998 3042 2181 3113 nolit
2211 3042 2318 3114 tui
2351 3042 2487 3112 mi-

495 3151 718 3221 sereri
750 3164 875 3221 aut
921 3150 1094 3225 velit
1125 3163 1195 3220 te
1239 3151 1542 3242 perdere
1596 3162 1667 3219 et
1712 3147 2036 3218 occidere
2062 3200 2084 3231 ,
2149 3158 2276 3217 aut
2320 3172 2483 3217 cum

495 3254 675 3325 tales
707 3253 1178 3344 cogitationes
1203 3252 1339 3321 tibi
1369 3251 1739 3334 incidunt,
1790 3249 1926 3319 tibi
1953 3251 2103 3319 iam
2137 3273 2287 3320 esse
2329 3273 2487 3318 mo-

492 3356 831 3426 riendum
851 3407 874 3439 ,
938 3356 1284 3430 conclude
1315 3379 1527 3437 mox,
1573 3354 1696 3423 illa
1731 3352 2071 3445 cogitatio
2105 3365 2210 3422 est
2238 3376 2281 3421 a
2312 3351 2488 3423 Dia-

495 3460 668 3529 bolo
686 3512 708 3543 ,
762 3457 934 3552 quia
963 3481 1117 3528 non
1145 3471 1252 3529 est
1283 3483 1369 3528 ex
1397 3456 1580 3529 Deo.
1674 3455 1873 3529 Deus
1899 3480 2049 3525 non
2086 3455 2489 3541 contristat,

496 3586 651 3631 non
697 3572 957 3661 terret,
1023 3583 1176 3631 non
1220 3560 1515 3645 occidit,
1578 3562 1703 3632 sed
1752 3572 1859 3630 est
1889 3557 2085 3631 Deus
2129 3557 2490 3644 vivorum,

497 3665 811 3759 ideoque
843 3675 914 3732 et
942 3663 1140 3736 misit
1184 3665 1413 3734 filium
1453 3689 1663 3735 suum
1705 3656 2156 3754 unigenitum
2200 3686 2353 3732 non
2395 3664 2490 3732 ad

501 3766 1013 3836 deterrendum
1035 3820 1061 3850 ,
1106 3768 1237 3837 sed
1265 3770 1359 3836 ad
1391 3767 1966 3840 conservandum
2002 3778 2075 3835 et
2106 3763 2484 3835 consolan-

501 3872 697 3939 dum.
801 3867 990 3939 Hinc
1024 3868 1241 3938 etiam
1277 3881 1607 3940 mortuus
1638 3882 1744 3940 est
1773 3864 2137 3949 Christus,
2190 3880 2272 3937 ut
2312 3881 2492 3938 esset

500 3970 696 4042 Deus
721 3970 983 4042 mortis
1010 3985 1082 4041 et
1112 3972 1529 4044 iustificaret
1547 4026 1569 4056 ‚
1622 3986 1693 4041 et
1724 3983 2037 4042 mortem
2066 3973 2490 4042 destrueret.

504 4073 812 4169 Ideoque
858 4075 960 4145 sic
1002 4075 1353 4168 scriptura
1400 4074 1669 4170 ubique
1707 4076 2071 4171 loquitur:
2140 4073 2493 4159 Gaudete,

506 4178 838 4266 confidite
859 4230 882 4261 ,
932 4201 1064 4268 ego
1112 4177 1254 4248 vici
1291 4181 1645 4250 mundum
1687 4191 1758 4248 et
1797 4191 2107 4248 mortem
2128 4230 2152 4261 ,
2204 4178 2494 4250 aculeus

504 4280 761 4352 1¹¹0ssss
790 4282 871 4352 5¹¹
900 4306 1014 4354 me
1052 4294 1157 4351 ⁸⁸²
1186 4282 1451 4353 fractus
1482 4295 1554 4351 et
1583 4277 1978 4353 hebetatm·
2080 4277 2336 4375 Itaque
2373 4305 2495 4351 ω’·
2542 4299 2550 4429 '4'
2598 4316 3119 4386 tentationibus
3160 4315 3455 4407 spiritus
3496 4316 3821 4407 scripsit,
3888 4312 4012 4381 alii
4061 4337 4312 4383 omnes
4355 4323 4592 4383 exter·'

505 4378 767 4474 gitatin
796 4383 1056 4455 talibus
1085 4384 1642 4476 cogitationibus
1687 4396 1758 4453 te
1803 4408 1955 4455 non
2001 4384 2312 4476 amplius
2342 4408 2492 4456 esse

503 4484 738 4555 filium
785 4480 1141 4571 hominis,
1192 4489 1318 4559 sed
1348 4486 1487 4558 Dei
1540 4511 1673 4581 per
1718 4488 1932 4558 fidem
1985 4487 2064 4556 in
2097 4483 2496 4575 Christum,

509 4588 713 4662 cuius
742 4588 1039 4658 nomine
1080 4590 1485 4683 baptizatus
1531 4615 1644 4675 es,
1713 4615 1912 4663 mors
1951 4615 2102 4661 non
2144 4603 2382 4683 potest
2422 4604 2495 4661 te

509 4694 885 4766 damnare.
962 4691 1101 4761 Sed
1130 4690 1403 4764 Sathan
1428 4717 1580 4764 non
1617 4695 1792 4764 sinit
1818 4695 1995 4765 tales
2030 4694 2497 4785 cogitationes

507 4794 721 4880 nobis
766 4794 1081 4866 incidere
1127 4798 1215 4866 de
1242 4796 1443 4879 Deo,
1507 4809 1581 4866 et
1625 4797 1705 4866 in
1750 4797 2267 4868 tentationibus
2317 4797 2496 4868 istae

510 4897 984 4988 cogitationes
1016 4899 1104 4967 de
1134 4899 1292 4970 Deo
1322 4902 1798 4972 obscurantur
1838 4913 1910 4969 et
1953 4924 2105 4969 non
2144 4900 2499 4985 incidunt,

512 5025 639 5070 cor
666 4995 1066 5071 humanum
1101 5015 1254 5072 tum
1290 5016 1578 5096 captum
1616 5017 1722 5074 est
1764 5004 1957 5094 lege,
2011 5016 2286 5087 morte,
2335 5028 2498 5096 pec—

512 5116 674 5174 cato
691 5154 721 5187 ,.
762 5117 846 5174 ut
876 5106 1256 5176 articulum
1305 5106 1827 5178 iustificationis
1863 5120 1935 5176 et
1971 5107 2139 5176 fidei
2180 5130 2331 5176 non
2373 5107 2499 5175 ad-

510 5205 789 5276 mittat:
842 5206 1077 5278 Credo
1109 5210 1187 5278 in
1216 5207 1451 5281 Iesum
1483 5205 1873 5282 Christum.
1954 5208 2227 5280 Contra
2262 5209 2501 5281 omnis

511 5307 787 5378 laetitia
841 5323 907 5380 et
952 5335 1095 5403 pax
1145 5337 1186 5381 a
1221 5312 1379 5384 Deo
1427 5325 1572 5398 est,
1622 5326 1695 5384 et
1724 5312 1920 5384 Deus
1953 5312 2144 5405 ipse,
2190 5313 2503 5404 Spiritus

514 5423 805 5483 sanctus
851 5412 1044 5483 enim
1092 5428 1198 5486 est
1236 5416 1671 5502 immensus,
1753 5417 1852 5494 &t
1895 5415 1975 5508 ist
2018 5421 2130 5492 bet
2173 5426 2320 5492 mut
2370 5419 2501 5494 »ab

513 5511 679 5603 trost
706 5515 787 5583 iu
816 5517 1331 5604 tentationibus
1361 5533 1433 5590 et
1460 5518 1795 5611 periculis
1823 5521 2107 5604 mortis,
2143 5520 2242 5596 &t
2268 5516 2505 5614 Ῐρῐίᾠῐ

519 5620 737 5712 mutio
790 5619 1074 5714 betaussz
1140 5640 1283 5717 meg
1336 5621 1572 5711 suabe,
1638 5626 1821 5710 ωδε,
1889 5619 2110 5716 teuffct
2157 5627 2288 5697 snb
2338 5623 2503 5716 beel,

518 5719 643 5812 last
700 5721 862 5816 mid)
923 5721 1254 5819 finftibcn,
1333 5731 1420 5800 bn
1467 5723 1608 5817 bost
1653 5726 1757 5818 bie
1804 5747 1895 5799 cn
1939 5728 2069 5800 mit
2116 5726 2257 5801 lein
2317 5726 2505 5819 tbeil,

515 5825 716 5900 mitta
749 5827 909 5920 mid)
942 5830 1044 5903 nit
1075 5830 1371 5924 [ebenbig
1404 5830 1638 5926 ῑαβειι,
1688 5828 1759 5919 Ῐο
1789 5825 1951 5921 βοῶ
1983 5828 2113 5922 id),
2164 5837 2239 5904 es
2285 5833 2506 5906 mttbt
2556 5895 2569 5908 .

2860 1172 3405 1244 Consolatio
3464 1170 3869 1241 alicuius
3924 1170 4295 1240 tentati.

2792 1324 3132 1398 CLXVII.
3190 1326 3455 1394 Melior
3486 1338 3593 1395 est
3621 1324 3922 1393 tentatio
3937 1322 4034 1419 ⁷⁴)
4064 1347 4282 1416 quam
4312 1322 4579 1393 securi-

2585 1447 2716 1503 tas.
2833 1431 2962 1502 Est
3002 1442 3243 1500 autem
3287 1429 3550 1520 duplex
3595 1426 3897 1496 tentatio
3942 1426 4267 1516 corporis
4310 1437 4382 1494 et
4422 1425 4577 1496 ani-

2585 1557 2771 1604 mae.
2906 1531 3434 1604 Conscientiam
3490 1542 3698 1599 vexat
3742 1524 4016 1597 Sathan
4074 1528 4451 1598 mendacio
4506 1540 4577 1598 et

2590 1637 2999 1719 calumniis,
3049 1633 3545 1727 perterrefacit
3598 1645 3935 1723 peccato,
3988 1632 4141 1722 lege
4188 1645 4259 1700 et
4311 1632 4571 1701 deinde

2587 1739 2914 1832 corporis
2954 1739 3097 1808 alio
3132 1739 3379 1808 modo.
3483 1734 3741 1806 Nullus
3791 1734 3928 1805 sibi
3980 1734 4190 1824 eliget
4233 1735 4572 1803 tentatio-

2585 1868 2752 1923 nes;
2834 1844 2892 1912 si
2949 1866 3088 1937 qua
3142 1865 3314 1911 vero
3360 1838 3650 1920 incidit,
3737 1836 4056 1929 patiatur
4107 1850 4177 1906 et
4220 1837 4397 1906 sciat
4436 1837 4578 1906 sibi

2585 1947 3071 2040 profuturum.
3200 1944 3314 2014 Sic
3368 1942 3558 2012 enim
3620 1952 3907 2033 oportet
3955 1962 4088 2011 nos
4134 1939 4574 2031 experientia

2586 2049 2859 2131 dicere,
2928 2050 3122 2142 quod
3152 2042 3427 2117 Sathan
3461 2045 3562 2116 sic
3593 2057 3791 2136 patet
3823 2042 4178 2112 mendacii
4224 2053 4297 2110 et
4340 2038 4577 2111 homi-

2587 2152 2756 2221 cidii
2788 2164 3023 2221 autor.
3128 2150 3239 2220 Sis
3275 2149 3480 2219 sortis
3511 2149 3586 2216 in
3620 2147 3957 2228 domino,
4010 2148 4113 2222 &a
4141 2150 4363 2222 mfitbt
4394 2148 4578 2239 bflfet

2586 2258 2880 2340 werhen,
2946 2257 3166 2328 matht
3218 2274 3371 2327 man
3416 2260 3548 2325 nne
3594 2251 3924 2345 &hristum
3983 2254 4117 2344 αυβ
4178 2255 4332 2326 bem·
4373 2251 4596 2343 βίαια·

2585 2358 2847 2451 ᾗορειι,
2931 2355 2997 2442 Ῐο
3054 2358 3291 2430 molles
3351 2356 3473 2430 mit
3521 2365 3651 2429 »ηὸ
3713 2377 3802 2429 απ
3864 2358 3985 2428 ben
4041 2351 4318 2447 nednlen
4376 2355 4577 2429 baum

2586 2460 2892 2550 hnutfen,
2942 2463 3062 2533 ben
3105 2460 3233 2532 mit
3274 2455 3532 2547 finben,
3586 2468 3658 2533 es
3695 2460 3913 2532 matht
3942 2459 4098 2531 abet
4128 2460 4265 2532 mol
4299 2457 4575 2534 bleiben.

2588 2562 2667 2633 si
2721 2587 2807 2632 ex
2857 2561 3256 2631 tentatione
3303 2561 3651 2653 patientia
3700 2562 3970 2643 oritur,
4035 2558 4103 2647 fo
4137 2562 4288 2652 bebt
4314 2560 4432 2655 sid)
4457 2564 4574 2636 δῶ

2587 2662 2853 2756 tettffelss
2878 2661 3094 2755 fretibt
3124 2686 3239 2739 an.
3291 2662 3398 2735 lta
3429 2664 3579 2755 ipse
3593 2661 3722 2732 Iob
3746 2655 3984 2756 primo
4017 2664 4580 2752 patientissimus

2589 2780 2720 2852 est,
2775 2780 3021 2860 postea
3056 2770 3285 2838 fracto
3318 2768 3563 2836 animo
3600 2767 3675 2836 in
3706 2763 3893 2837 hanc
3921 2789 4167 2834 vocem
4206 2767 4576 2858 prorupit:

2585 2869 2783 2943 Deus
2803 2870 3134 2943 irascitur
3151 2866 3332 2939 mihi
3352 2884 3422 2941 et
3447 2893 3734 2939 omnem
3763 2867 4333 2939 misericordiam
4360 2870 4581 2957 exuit,

2591 2998 2754 3045 cum
2795 2987 3041 3043 tamen
3072 2997 3223 3043 non
3262 2987 3499 3065 potest
3530 2997 3682 3042 non
3714 2997 3861 3045 esse
3893 2971 4342 3057 misericors,
4395 2973 4594 3045 sicut·

2591 3075 2784 3146 enim
2827 3089 3169 3151 naturam
3214 3101 3415 3147 suam
3468 3099 3618 3145 non
3665 3087 3935 3157 mutat,
3990 3073 4091 3144 ita
4120 3074 4338 3145 etiam
4369 3076 4583 3149 mise·

2587 3179 2981 3251 ricordiam
3011 3203 3213 3250 suam
3244 3193 3528 3251 mutare
3562 3203 3710 3249 non
3741 3189 3999 3272 potest.
4068 3174 4317 3271 ltaque
4339 3181 4581 3264 credo,

2590 3285 2790 3378 quod
2848 3281 3045 3355 Deus
3106 3284 3322 3354 linem
3377 3284 3695 3354 facturus
3753 3282 3845 3354 sit
3909 3281 4327 3361 tentationis
4384 3307 4584 3369 suae,

2589 3385 2904 3480 Spiritus
2945 3387 3161 3457 etiam
3216 3402 3448 3460 necat.
3570 3386 3777 3480 Quae
3818 3384 4000 3468 sint,
4080 3397 4161 3456 ut
4211 3395 4362 3456 no'n
4412 3386 4582 3470 sint,

2570 3513 2825 3585 -neque
2856 3503 2935 3561 tu
2975 3491 3170 3562 solus
3204 3515 3318 3574 es,
3363 3491 3489 3585 qui
3534 3491 3873 3572 tentaris,
3934 3489 4057 3557 sed
4097 3487 4419 3559 invenies
4456 3512 4584 3557 va-

2589 3592 2741 3664 rios
2772 3593 2967 3663 varie
3012 3605 3361 3684 tentatos,
3413 3605 3492 3664 ut
3525 3592 3705 3662 dixit
3746 3589 4019 3661 David:
4087 3589 4290 3660 Dixit
4337 3591 4414 3660 in
4464 3615 4584 3661 ex-

2594 3720 2793 3768 cessu
2837 3720 3000 3765 meo
3048 3708 3177 3765 etc.
3247 3695 3439 3767 Psal.
3490 3695 3615 3765 33.
3699 3693 3781 3764 In
3826 3718 4107 3765 summa
4157 3718 4373 3764 nemo
4428 3706 4580 3764 tam

2591 3799 2803 3870 fortis
2833 3810 2976 3881 est,
3028 3810 3110 3868 ut
3146 3822 3299 3868 non
3347 3799 3573 3891 possit
3624 3800 3951 3870 resistere
3982 3795 4321 3869 Diabolo.
4423 3795 4583 3890 Ego

2592 3897 2788 3972 hunc
2816 3925 3099 3972 versum
3130 3902 3349 3971 didici
3367 3902 3855 3993 experientia:
3909 3899 4208 3971 Lavabo
4261 3925 4393 3993 per
4438 3902 4586 3972 sin-

2596 4005 2797 4097 gulas
2826 4016 3071 4076 noctes
3103 4007 3321 4097 pedes
3354 4030 3577 4090 meos,
3631 4001 4018 4098 lachrymis
4043 4004 4306 4074 lectum
4336 4028 4582 4073 meum

2540 4085 2889 4238 “rigabo,
2931 4132 3303 4202 nunquam
3338 4122 3580 4178 tamen
3611 4106 4015 4199 praevaluit
4047 4103 4357 4191 Sathan,
4410 4106 4584 4200 quia

2599 4232 2667 4285 et
2693 4213 2813 4307 bat
2843 4210 2958 4306 sud)
2991 4234 3080 4286 cm
3114 4211 3377 4303 §bristo
3427 4214 3804 4286 netbtanbt.
3911 4210 4121 4280 Solus
4157 4210 4441 4280 Gerson
4490 4211 4582 4280 de

2599 4443 2731 4490 nas
2759 4431 3040 4487 tantum
3085 4429 3157 4487 et
3202 4418 3614 4510 corporales
3656 4428 4055 4492 senserunt.
4161 4415 4330 4486 Ideo
4365 4416 4583 4487 etiam

2599 4520 2815 4593 Iobus
2865 4522 3056 4591 valet
3105 4523 3210 4614 ad'
3242 4521 3762 4593 consolandum
3819 4519 4329 4604 conscientias,
4413 4520 4583 4614 quia

2602 4623 3041 4718 experientia
3077 4624 3368 4708 didicit,
3418 4649 3570 4694 non
3618 4638 3896 4696 tantum
3940 4648 4025 4693 eo
4076 4622 4440 4717 pervenit,
4504 4636 4589 4694 ut

2603 4727 3076 4800 conscientias
3122 4727 3201 4795 in
3233 4724 3534 4808 ‚Christo
3581 4729 3852 4820 erigere
3899 4740 3972 4797 et
4020 4725 4381 4799 consolari
4422 4750 4586 4819 pos-
4704 4814 4707 4818 Ι

2601 4847 2747 4916 set,
2817 4833 2944 4903 sed
2996 4842 3274 4900 tantum
3329 4832 3832 4901 extenuatione
3893 4830 4068 4920 legis
4122 4829 4380 4900 lenivit
4434 4854 4588 4900 rna-

2600 4938 2752 5010 lum
2785 4958 3091 5028 urgens,
3138 4935 3250 5011 αῐό
3287 4943 3359 5010 εδ
3408 4938 3564 5028 ιιωβ
3610 4939 3720 5010 bet
3764 4933 3987 5027 teuffel
4032 4938 4164 5009 nub
4205 4937 4351 5009 tobt
4393 4934 4592 5028 batbt
4635 4925 4642 4932 ⁸

2603 5037 2775 5131 sein,
2827 5040 2954 5111 scd
2987 5036 3256 5112 Paulus
3283 5037 3433 5130 116st
3476 5043 3616 5115 bem
3659 5042 3789 5135 υαβ
3838 5044 3959 5115 ben
4004 5038 4212 5114 bflben
4256 5041 4427 5134 αιιβ,
4481 5038 4592 5109 di-

2604 5143 2703 5214 cit
2747 5141 2889 5234 legi
2935 5164 3087 5210 non
3134 5167 3282 5214 esse
3340 5143 3704 5213 fidendum
3725 5198 3747 5228 ‚
3822 5146 3948 5213 sed
3996 5138 4322 5227 Christo,
4402 5142 4594 5234 bisin,
4669 5207 4674 5212 .

2604 5244 2751 5342 fagt
2781 5266 2886 5334 et,
2941 5243 3111 5339 nicht
3140 5243 3353 5338 stom,
3406 5242 3474 5335 fo
3505 5246 3584 5338 ist
3614 5268 3684 5322 et
3724 5243 4061 5340 ftommet.
4168 5245 4263 5316 Et
4305 5242 4447 5317 hoc
4488 5259 4595 5318 est

2605 5347 2986 5420 artificium
3050 5350 3357 5422 transire
3421 5374 3462 5418 a
3522 5364 3817 5442 peccato
3883 5364 4135 5424 nostro
4207 5351 4300 5420 ad
4357 5347 4588 5422 Iesum

2607 5449 2971 5525 Christum
2994 5502 3016 5533 ,
3066 5455 3141 5550 bg
3170 5455 3298 5529 mir
3325 5454 3538 5549 genti?
3574 5457 3829 5551 ωίβειι,
3882 5457 4079 5553 quod
4110 5453 4308 5526 Deus
4346 5456 4439 5527 sit
4485 5455 4593 5525 iu-

2605 5557 2797 5630 stitia
2827 5569 3102 5629 nostra.

2675 5788 3079 5915 “mmm
3111 5791 3246 5843 haec
3282 5801 3389 5844 vox
3424 5792 3803 5857 superscripta
3853 5794 3946 5843 est
3996 5788 4120 5841 voci
4165 5788 4413 5840 deletam
4480 5784 4592 5838 trt-

3593 5931 3693 6001 36
3725 5926 3766 5966 ¹*
