5534 6700
290 612 369 688 aaa
470 606 516 687 v,
567 605 828 685 msroarm
854 607 1099 706 Qumoau
1123 606 1402 682 auuraran
1427 592 1580 682 urna
1604 586 1839 682 araucas
1864 604 2157 684 caenosus.
2254 570 2361 686 sss

363 780 552 870 ,vaffl
588 782 680 855 Cum
698 785 791 854 facta
816 796 908 877 esset
928 807 1047 876 pugna
1063 782 1286 867 sclavonica,
1440 779 1596 854 LXXIII.
1633 782 1904 853 Maximilianus
1932 778 2135 873 Imperator
2165 784 2334 854 modera-

291 888 398 958 multi
429 889 562 959 virtute
592 899 814 980 praestantes
842 886 913 955 viri
946 886 998 956 ibi
1031 887 1287 968 occubuerunt,
1338 885 1495 959 tissimus
1518 887 1557 955 in
1581 886 1748 956 omnibns
1771 884 1989 968 actionibus,
2021 885 2089 954 fuit
2110 896 2239 955 natura
2261 887 2335 976 ira-

292 991 399 1060 multi
427 1015 449 1060 a
471 989 600 1062 Turcis
630 991 726 1082 capti
754 1002 788 1059 et
821 987 859 1056 in
888 989 1097 1059 servitutem
1131 988 1286 1060 abducti.
1339 991 1507 1072 cundior,
1533 990 1595 1060 sed
1610 989 1761 1081 diligens
1779 988 1818 1058 in
1831 987 2059 1080 reprimenda
2076 985 2143 1056 ira.
2176 987 2332 1081 Quando

292 1094 362 1164 llic
387 1096 482 1163 inter
503 1093 592 1162 alios
616 1105 739 1183 captus
759 1090 891 1162 nobilis
908 1093 953 1160 de
969 1091 1180 1183 Steinborg,
1205 1115 1285 1162 cum
1339 1091 1373 1161 ei
1400 1093 1607 1164 nuntiatum
1634 1092 1702 1162 fuit
1725 1091 1837 1161 filium
1862 1102 2068 1182 aegrotare,
2104 1089 2203 1159 venit
2228 1103 2334 1183 posta

295 1209 387 1268 esset
405 1196 568 1266 venditus
583 1218 716 1286 magno
733 1195 875 1265 cuidam
892 1195 1041 1265 domino
1057 1194 1287 1287 negotiatori,
1338 1195 1412 1265 iam
1427 1191 1516 1266 haec
1532 1196 1606 1263 iam
1623 1195 1698 1279 illa,
1724 1219 1797 1265 una
1814 1194 1960 1265 nuntiat
1974 1217 2055 1262 eum
2072 1193 2335 1280 convalescere,

294 1300 359 1394 qui
380 1295 537 1368 habebat
557 1297 710 1380 liberos,
749 1297 866 1390 pinxit
888 1297 970 1369 liliis
993 1298 1287 1388 literasgraecas
1339 1299 1452 1369 altera
1469 1323 1549 1368 eum
1568 1299 1725 1367 deterius
1746 1292 1899 1380 habere,
1928 1297 2074 1366 tandem
2098 1294 2214 1379 venit,
2240 1320 2334 1390 quae

294 1414 331 1472 et
345 1401 488 1472 latinas.
538 1397 630 1469 Erat
653 1399 748 1470 enim
773 1395 884 1471 homo
907 1402 1033 1472 doctus
1053 1413 1090 1471 et
1111 1399 1287 1470 mediocri
1338 1400 1456 1493 ipsum
1479 1413 1664 1471 mortuum
1696 1424 1769 1470 esse
1800 1399 1901 1469 dixit.
1965 1396 2044 1490 Ipse
2068 1397 2335 1490 Salspurgensis

295 1503 500 1596 cognitione
519 1525 669 1595 graecae
692 1515 728 1573 et
749 1502 883 1573 latinae
910 1503 1055 1596 linguae
1081 1503 1287 1574 instructus.
1331 1488 1503 1574 irarravit
1519 1500 1608 1573 mihi
1625 1497 1818 1594 Philippo,
1842 1501 1905 1595 qui
1926 1502 1994 1570 fuit
2018 1501 2233 1593 praecipuus
2258 1501 2335 1575 eius

293 1607 478 1677 Mercator
492 1606 619 1676 videns
634 1600 725 1691 hoc,
751 1606 888 1677 accedit
909 1607 1045 1700 ipsum:
1079 1604 1190 1678 Visne
1215 1603 1288 1698 (in·
1340 1606 1582 1679 consiliarius:
1617 1606 1812 1701 Quomodo
1836 1616 1926 1674 esset
1948 1604 2234 1690 conveniendus,
2266 1628 2335 1677 nos

295 1709 390 1806 quit)
406 1734 507 1780 meos
527 1709 620 1780 filios
640 1707 794 1780 docere?
844 1711 1037 1782 Annuente
1052 1709 1185 1780 nobili:
1212 1708 1288 1779 Do-
1340 1710 1646 1790 deliberabamus:
1673 1710 1819 1779 tandem
1834 1707 2134 1779 concludebamus
2148 1731 2228 1793 nos,
2254 1709 2335 1778 bre-

296 1837 358 1885 cco
380 1837 462 1897 eos,
487 1812 558 1896 ait,
591 1835 755 1903 graecam
776 1811 958 1904 linguam,
992 1825 1029 1882 et
1049 1812 1207 1903 adiungo
1229 1835 1289 1881 ro·
1339 1813 1505 1899 vissime,
1530 1813 1604 1882 imo
1620 1836 1694 1882 uno
1707 1813 1818 1882 verbo
1834 1810 2056 1882 indicaturos
2071 1835 2144 1882 csse
2158 1808 2223 1879 filii
2236 1834 2336 1881 mor·

207 1921 208 1937 ¹
295 1940 482 2004 manam.¹
528 1913 681 2009 Quaerit
711 1926 833 1986 autem
866 1914 999 1987 nobilis
1034 1940 1079 1985 ex
1119 1914 1288 1986 dominu:
1340 1928 1427 1990 tem.
1490 1914 1544 1985 Ut
1568 1914 1719 2007 ingressi
1747 1927 1849 1999 sunt,
1890 1913 2032 2006 collegit
2055 1912 2130 2004 ipse
2157 1937 2199 1981 ex
2223 1912 2335 1984 oculis

296 2016 506 2113 Quamdiu?
547 2017 767 2111 Respondit:
801 2018 875 2088 Per
894 2019 1142 2112 septennium,
1179 2016 1211 2088 si
1230 2013 1291 2094 hic
1342 2045 1425 2091 eum
1449 2043 1523 2090 esse
1546 2031 1749 2102 mortuum,
1782 2029 1819 2086 et
1841 2015 1948 2087 dixit:
1984 2018 2033 2093 dt
2056 2012 2095 2104 itt
2117 2016 2203 2091 Σοῦ.
2263 2016 2336 2086 Re-

295 2123 393 2214 apud
410 2146 469 2192 me
492 2122 713 2193 commorari
734 2121 852 2206 voles,
885 2123 980 2192 dabo
1001 2121 1068 2193 tibi
1089 2146 1166 2193 rem
1185 2119 1291 2190 Iami—
1341 2123 1488 2217 spondit
1512 2120 1795 2213 Salspurgensis:
1839 2120 1893 2204 &a
1920 2121 2090 2216 gttttbigtt
2113 2120 2189 2210 bert
2217 2116 2336 2210 itpltt,

225 2282 228 2289 -
294 2225 441 2306 narem:
473 2224 529 2294 sin
546 2225 686 2310 minus,
716 2224 890 2296 viaticum
910 2226 1024 2310 dabo,
1054 2236 1096 2295 ut
1119 2237 1199 2296 tuto
1221 2221 1291 2293 Ve-
1341 2233 1397 2303 tet
1412 2224 1592 2321 timeatis
1607 2234 1665 2320 got
1681 2221 1734 2315 lm
1752 2222 1854 2314 letae:
1876 2221 1978 2313 [cetea
1998 2223 2144 2318 genesta
2194 2221 2336 2293 Deinde

295 2328 412 2398 netias
429 2327 637 2418 pervenias,
662 2339 699 2397 et
715 2327 765 2397 sic
784 2327 976 2398 incolumis
990 2329 1036 2396 ad
1053 2341 1146 2398 tuos.
1196 2325 1292 2396 Scri·
1342 2329 1475 2400 Caesar
1507 2342 1584 2399 toto
1616 2328 1739 2397 triduo
1771 2328 1904 2398 mansit
1933 2329 1972 2396 in
1994 2327 2178 2409 cubiculo,
2216 2349 2336 2420 neque

296 2430 370 2521 psit
384 2441 509 2522 postea
526 2431 574 2499 ad
593 2453 677 2501 snos
692 2442 863 2521 cognatos
883 2443 919 2500 et
937 2429 1049 2512 filios,
1072 2452 1291 2498 commemo-
1343 2432 1520 2514 comedit,
1545 2454 1663 2525 neque
1677 2429 1789 2515 bibit,
1814 2454 1957 2522 semper
1971 2441 2137 2522 precatus
2152 2440 2215 2500 est.
2267 2426 2337 2497 Ac·
2409 2448 2413 2453 ·

297 2532 404 2602 rabat
418 2530 505 2624 ipsis
525 2533 720 2603 secundum
737 2555 857 2602 casum
874 2545 911 2602 et
925 2533 1130 2614 fortunam,
1156 2542 1192 2600 et
1205 2526 1292 2600 hor·
1343 2535 1448 2606 cessit
1469 2535 1516 2604 ad
1540 2533 1741 2605 cubiculum
1765 2534 1870 2624 duab
1891 2551 1959 2608 tott
1981 2537 2036 2608 bet
2052 2529 2185 2623 divisa,
2212 2553 2336 2603 scurra

297 2635 540 2707 tabatursuos
555 2634 667 2719 filios,
693 2647 734 2704 ut
748 2658 787 2706 se
802 2634 949 2726 optimis
965 2634 1102 2705 artibus
1122 2643 1158 2702 et
1179 2632 1291 2704 scien·
1343 2637 1511 2732 quidam,
1539 2635 1695 2732 quicum
1720 2659 1763 2704 eo
1784 2635 1852 2705 luit
1876 2634 1915 2704 in
1941 2659 2102 2718 carcere,
2129 2647 2165 2704 et
2179 2633 2356 2727 compel2

298 2737 358 2808 tiis
377 2737 617 2820 instruerent,
641 2748 683 2806 ut
705 2737 884 2827 praesidia
907 2739 954 2806 ad
978 2760 1103 2807 omnes
1121 2738 1290 2807 fortunae
1342 2742 1432 2809 lavit
1454 2764 1535 2809 eum
1559 2738 1696 2810 dicens:
1730 2735 1889 2807 Domine
1899 2736 1948 2834 ⁸⁶)
1971 2734 2174 2830 Imperator
2198 2735 2337 2828 aperia-

299 2864 401 2912 casus
418 2851 546 2929 parata
562 2834 752 2909 haberent.
1342 2842 1400 2914 tis.
1464 2840 1666 2933 Respondit
1687 2837 1906 2933 Imperator:
1946 2837 2037 2930 (tete
2068 2841 2198 2932 bintttg
2220 2838 2337 2930 Raab,

399 2938 523 3015 LXIX·
545 2940 758 3014 Numidicus
773 2935 1290 3035 ¹1⁰8³t⁰rsqui³ss1104fiount
1343 2942 1547 3037 etitiaant
1563 2946 1634 3021 teir
1649 2946 1733 3029 Scit.
1784 2943 1913 3013 Postea
1931 2939 1990 3012 hic
2005 2942 2095 3011 dixit
2110 2943 2155 3010 ad
2171 2939 2338 3011 consilia·

299 3069 381 3117 cum
403 3041 556 3115 Caesare
568 3042 822 3134 Witebergam
844 3041 1029 3113 obsidente
1055 3055 1154 3128 erat,
1179 3043 1291 3113 excel·
1341 3048 1434 3119 rios:
1469 3048 1653 3132 omittite,
1678 3041 1771 3116 nihil
1792 3057 1939 3116 tentate.
1990 3043 2117 3114 Tertio
2139 3043 2197 3113 die
2221 3037 2338 3135 egrei-

296 3149 387 3218 Ienti
406 3149 521 3217 lertur
534 3147 641 3218 tuisse
660 3144 826 3237 ingenio,
852 3157 887 3214 et
902 3145 1067 3241 quamvis
1087 3157 1290 3217 monstrum
1342 3176 1402 3223 sus
1426 3164 1479 3223 est
1501 3164 1536 3222 et
1556 3150 1660 3223 iussit
1678 3148 1748 3220 sibi
1766 3148 1938 3241 apparari
1958 3171 2108 3217 coenam
2135 3147 2274 3217 lautam
2301 3156 2338 3216 et
2406 3168 2408 3172 ⁴

299 3263 397 3333 erat,
436 3262 560 3319 umen
589 3247 718 3318 dixisse
741 3248 856 3317 fertur
882 3272 919 3317 se
939 3271 1015 3319 non
1038 3250 1131 3319 allici
1150 3249 1291 3319 maiore
1342 3255 1566 3347 comportari
1587 3251 1759 3350 quicquid
1781 3246 1939 3320 habebat
1961 3249 2181 3323 musicorum
2204 3247 2338 3337 instru-

299 3356 426 3424 dolore
442 3351 574 3424 amisso
589 3374 722 3442 regno,
747 3352 1002 3446 qnam-amissa
1019 3346 1249 3425 bibliotheca.
1341 3371 1568 3444 mentorum,
1612 3353 1778 3427 adhibuit
1805 3355 1945 3449 aliquos
1975 3380 2017 3423 ex
2046 3352 2268 3447 principibus
2302 3364 2338 3424 et

403 3452 511 3526 LXX.
551 3453 774 3545 Noribergae
799 3452 946 3547 quidam
971 3454 1058 3525 artis
1079 3455 1292 3526 conficiendi
1343 3460 1574 3547 consiliariis,
1614 3485 1769 3558 quorum
1798 3456 2055 3532 consuetudine
2081 3456 2337 3539 delectabatur,

296 3558 518 3630 bombardas
545 3553 714 3650 peritus,
757 3554 1134 3653 ingeniosissimusque
1165 3554 1292 3644 homo,
1343 3576 1475 3635 etcum
1492 3563 1562 3635 illis
1576 3564 1783 3634 locutusest
1798 3562 1844 3630 dc
1862 3561 1968 3629 rebus
1990 3558 2149 3651 magnis,
2173 3559 2235 3629 sed
2256 3558 2338 3630 nul·

299 3662 362 3734 sed
384 3650 480 3729 male
500 3658 714 3755 tractans⁸⁴)
733 3670 908 3743 matrem,
933 3684 1013 3731 cum
1030 3660 1170 3733 iecisset
1188 3662 1291 3732 hom·
1341 3670 1416 3739 lam
1433 3667 1600 3762 praebuit
1613 3668 1730 3736 luctus
1746 3662 2056 3755 significationem.

297 3765 452 3836 bardam
473 3786 627 3847 novam,
660 3762 776 3833 voluit
793 3785 884 3881 eam·
895 3762 1050 3855 experiri
1068 3764 1187 3836 inluso
1212 3766 1292 3858 pul·
1445 3800 1617 3876 Lxxpffl·
1667 3801 1838 3874 scribunt
1872 3800 1917 3867 de
1949 3796 2136 3868 friderico
2166 3798 2336 3870 palatino

258 3890 383 3937 ,vere
413 3866 670 3985 bombardico,
713 3888 820 3959 quem
852 3866 1025 3985 maculata
1051 3878 1123 3951 est,
1169 3868 1291 3938 statim
1343 3907 1550 3991 victorioso,
1573 3900 2150 4001 quisuitvavugLucijprincipss,
2176 3901 2339 3997 quicum

299 3993 423 4042 rursus
455 3969 587 4039 mludrt
618 3968 803 4060 pulverem
834 3969 1120 4042 bombardrcum.
1180 3970 1292 4040 Bom-
1343 4011 1486 4083 vicisset
1517 4023 1589 4081 pm
1621 4009 1802 4101 Principe,
1835 4005 2055 4099 Episcopum
2086 4000 2338 4075 Marchionem

299 4073 413 4192 *iuda
428 4067 545 4191 idhuc
559 4070 673 4190 “dida
692 4095 773 4188 cum
788 4071 906 4190 Pulvis
919 4084 1010 4191 ‘3⁸⁸¹
1022 4072 1200 4192 incimm?
1224 4074 1292 4143 Μ’
1342 4114 1557 4196 Badensem,
1568 4111 1875 4202 Wirtebergicum
1893 4108 2148 4192 etMetensem,
2174 4120 2210 4178 et
2223 4108 2339 4176 intro·

299 4176 567 4265 mmmmm
591 4198 631 4243 m
652 4174 784 4257 alium’
811 4186 847 4243 εἰ
867 4198 917 4245 ⁸¹⁰
937 4177 1123 4261 mteffim'
1149 4190 1185 4246 εἰ
1203 4172 1293 4247 hm
1344 4219 1502 4291 duxisset
1534 4242 1595 4288 eos
1625 4217 1664 4284 in
1700 4239 1818 4285 arcem
1849 4212 2127 4302 Heidelbergae,
2170 4208 2339 4280 tractavit

299 4278 370 4347 fun
383 4301 500 4368 mena
517 4277 581 4346 filu
596 4289 729 4369 mgmn
744 4299 827 4368 πμ
844 4290 1020 4399 mairem‘.
1343 4321 1424 4392 illos
1439 4322 1583 4416 quidem
1599 4314 1825 4400 humaniter,
1850 4315 1963 4386 sedin
1978 4313 2096 4406 prima
2112 4312 2170 4382 die
2186 4336 2261 4383 non
2277 4313 2339 4382 de-

322 4480 332 4497 .
404 4377 524 4451 Lm
564 4380 722 4499 Quind⁰
744 4378 895 4499 Cimlm
915 4405 988 4451 ¹³⁸¹
1008 4394 1208 4501 impetam
1232 4384 1292 4502 ie:
1345 4426 1400 4496 dit
1416 4425 1466 4497 eis
1481 4448 1624 4517 panem.
1676 4419 1960 4515 Quaesiverunt,
1986 4441 2050 4488 cur
2070 4416 2120 4486 eis
2135 4440 2211 4486 non
2235 4417 2339 4485 dare-

301 4494 461 4572 slgmms
477 4484 713 4576 Aniverpmm
729 4507 886 4575 prunum
905 4497 996 4556 ΘΜ
1016 4508 1216 4577 ¹⁰3¹⁰⁸⁵⁰⁸’
1241 4487 1293 4555 ¹b¹
1344 4540 1405 4599 tur
1419 4528 1542 4621 panis:
1567 4523 1669 4596 iussit
1690 4525 1741 4595 eis
1760 4520 1989 4616 responderi:
2023 4519 2146 4591 fecisse
2171 4544 2232 4589 eos
2254 4541 2339 4589 con-

1345 4629 1718 4704 traconsuetudinem
1741 4628 1924 4697 bonorum
1948 4625 2098 4707 ducum,
2133 4622 2196 4716 qui
2216 4644 2339 4714 parce-

299 4584 578 4678 Antverpienses
599 4611 664 4657 suo
688 4610 791 4655 more
813 4587 1013 4678 spectacula
1040 4589 1218 4674 fecerant,
1258 4601 1295 4660 et

1345 4747 1428 4804 rent
1447 4733 1643 4826 segetibus,
1682 4731 1780 4823 ipsos
1801 4753 1888 4798 vcro
1913 4740 2069 4798 vastasse
2091 4726 2199 4796 vittas
2223 4748 2264 4793 ac
2286 4722 2338 4792 vi-

301 4686 408 4758 certis
428 4688 516 4759 locis
537 4691 802 4759 collocaverant
823 4690 941 4761 nudas
962 4689 1140 4782 virgines,
1175 4691 1225 4760 ita
1253 4704 1294 4763 ut

1327 4861 1442 4908 neas.
1493 4834 1623 4906 Postea
1640 4834 1739 4903 venit
1752 4829 1930 4924 Spirensis
1944 4828 2162 4921 Episcopus,
2189 4826 2252 4921 qui
2272 4825 2339 4898 cir·

298 4793 609 4883 praetenderetur
624 4783 743 4863 uelum
764 4790 929 4863 sericum.
994 4792 1096 4863 Dixit
1116 4790 1219 4863 mihi·
1231 4791 1293 4863 At-

299 4894 422 4966 hesim
449 4893 631 4967 D⁰r⁰r¹¹⁸³
671 4894 749 4988 E3⁰
774 4883 963 4986 aingem
990 4896 1090 4983 ibam
1118 4908 1293 4992 tanquam
1346 4941 1578 5012 cumdederat
1592 4938 1722 5009 collum
1737 4936 1888 5029 laqueo,
1914 4932 2110 5002 etaccessit
2125 4930 2274 5023 supplex
2292 4929 2339 4998 ad

1346 5041 1569 5138 principem,
1594 5066 1632 5113 se
1647 5064 1730 5112 reos
1744 5063 1818 5110 esse
1835 5051 1870 5107 et
1886 5034 2072 5129 deprecari
2091 5033 2239 5105 crimen.

299 4996 418 5090 pictor
434 4999 716 5093 contemplatum
730 4998 792 5068 illa
808 5021 982 5091 corpora,
1008 4999 1294 5087 considerabam,

300 5122 349 5167 an
371 5095 576 5194 Imperator
603 5099 805 5173 deflecteret
834 5103 976 5183 oculos:
1016 5103 1078 5173 sed
1105 5127 1293 5201 nunquam

301 5200 456 5276 deflexit.
1449 5193 1590 5267 LXXV.
1623 5190 2093 5265 HeinricusBrunsuicensis
2108 5215 2189 5261 cum
2204 5189 2339 5259 bellum

371 5303 543 5399 ‚Lxxtt
573 5305 666 5378 ’Dux
696 5305 874 5379 Saxoniae
908 5306 1113 5379 Fridericns
1146 5312 1293 5405 quando
1346 5315 1486 5396 gereret
1507 5301 1546 5370 in
1569 5298 1692 5383 Italia,
1731 5295 1885 5367 vastavit
1907 5318 2051 5391 quoque
2073 5292 2197 5386 agros,
2236 5292 2339 5363 villas

299 5408 411 5478 sensit
428 5435 465 5482 se
488 5411 591 5480 valde
609 5422 830 5481 commotum
855 5435 948 5495 esse,
974 5412 1153 5504 ingressus
1178 5427 1231 5485 est
1255 5414 1294 5484 in
1346 5419 1382 5477 et
1405 5417 1549 5499 segetes.
1602 5401 1753 5493 Scripsit
1771 5402 1817 5470 ad
1843 5424 1924 5469 eum
1951 5398 2033 5482 .N.,
2064 5397 2103 5468 si
2126 5397 2263 5467 nullam
2291 5394 2339 5465 db

299 5534 406 5599 suum
422 5511 643 5597 cubiculum,
670 5526 706 5583 et
720 5537 796 5583 non
818 5538 976 5606 egressus
994 5527 1065 5599 est,
1099 5516 1213 5587 donee
1234 5517 1295 5587 ille
1347 5510 1456 5580 aliam
1473 5532 1617 5579 causam
1632 5505 1740 5598 vellet
1754 5526 1901 5598 parcere
1917 5500 2113 5594 segetibus,
2137 5511 2179 5570 ut
2198 5523 2283 5570 suae
2300 5497 2339 5565 id
2403 5553 2406 5558 .

298 5626 421 5686 motus
436 5617 587 5700 resedit,
612 5640 678 5686 nec
694 5640 913 5711 quemquam
929 5617 973 5685 ad
989 5642 1025 5689 se
1041 5618 1197 5691 admisit.
1345 5613 1479 5685 faceret
1493 5610 1657 5682 utilitatis
1673 5633 1798 5692 causa,
1824 5621 1865 5680 ut
1880 5618 2002 5700 postea
2019 5615 2260 5676 commeatum
2275 5596 2339 5669 ha-

301 5773 509 5790 ——n--ss
1347 5777 1552 5791 ”—

1915 5776 1929 5804 .

334 5847 384 5917 ⁸⁴)
404 5847 544 5918 tracuus]
562 5850 646 5904 coc:
670 5849 822 5902 armum:
1382 5850 1432 5921 m)
1449 5850 1581 5914 namne]
1598 5850 1667 5906 ooo.
1683 5851 1767 5904 aaut
1784 5847 1946 5914 amptum
1965 5843 2170 5912 arpennum
2195 5841 2246 5898 .n.
