5534 6700
435 587 487 665 85

541 757 707 831 Invenias
729 759 825 849 apud
847 771 973 849 poetas
992 780 1255 850 nonnunquam
1281 770 1317 826 et
1336 758 1426 828 alios

437 863 724 953 comparativus,
765 872 806 929 ut
830 853 1014 953 βράσσων
1047 860 1191 949 segnior
1217 883 1237 927 a
1264 854 1426 954 βραδύς,

437 958 600 1037 θάσσων
614 963 763 1033 celerior
785 985 805 1029 a
831 956 966 1054 ταχύς,
992 975 1027 1031 et
1047 960 1204 1034 πάσσων
1227 963 1379 1032 crassior
1406 987 1425 1030 a

438 1063 580 1158 πσχάς,
611 1079 647 1134 et
669 1063 820 1146 similes,
846 1088 937 1157 quos
961 1077 1061 1134 tuum
1086 1064 1154 1130 erit
1173 1063 1286 1131 lector
1307 1065 1427 1134 obser-

436 1191 535 1237 vare.
577 1165 672 1237 Nam
686 1166 726 1234 in
740 1166 898 1256 regulam
917 1164 1189 1254 grammaticam
1207 1169 1330 1233 omnia
1347 1165 1426 1255 cogi

438 1281 635 1362 nequeunt.
702 1266 939 1337 Inveniuntur
964 1280 1000 1336 et
1027 1266 1294 1357 comparativa,
1335 1291 1428 1360 quae

438 1372 535 1440 uude
549 1372 700 1439 deducta
714 1370 798 1450 sint,
813 1392 888 1437 non
901 1381 1064 1460 apparet,
1079 1381 1120 1438 ut
1136 1366 1279 1465 άλριον,
1294 1363 1430 1466 ῥίγιον,

439 1471 555 1565 ῥᾷον,
583 1472 654 1541 nisi
680 1495 701 1540 a
727 1471 845 1540 verbis
871 1493 946 1540 esse
972 1472 1065 1539 iacta
1092 1469 1153 1537 illa
1180 1470 1359 1554 dicamus,
1389 1482 1431 1540 ut

438 1570 653 1644 Latinorum
671 1572 804 1666 aliqui,
830 1573 987 1643 deterius
1004 1595 1024 1639 a
1041 1572 1164 1641 detero
1172 1570 1232 1667 7“)

720 1767 1150 1840 Denominativum.

546 1944 630 2009 κος,
657 1932 698 1989 ut
719 1913 898 2012 μουσικός

544 2046 620 2109 ιος,
646 2033 688 2092 ut
700 2014 874 2113 οὐράνιος

542 2118 659 2216 ωδης,
684 2134 724 2192 ut
741 2115 906 2214 λιθώδης
921 2119 1083 2211 lapideus

543 2248 634 2313 εισς,
662 2247 754 2316 quae
781 2222 1061 2314 possessivorum
1087 2221 1233 2313 proprie
1255 2219 1430 2313 siguifica-

440 2325 576 2394 tionem
592 2321 719 2409 babet,
746 2337 785 2395 ut
799 2319 1019 2419 Ἡράκλειος.

758 2509 1107 2581 Diminutivum.
1208 2512 1216 2528 “

501 2663 811 2733 Dimiuutivorum
828 2662 1044 2733 masculinae
1059 2661 1332 2733 terminationes
1345 2676 1430 2734 sunt

595 2791 673 2853 ων,
699 2778 740 2834 ut
754 2761 931 2858 μορίων,
958 2764 1077 2834 morio

595 2868 660 2956 αξ,
686 2878 728 2935 ut
746 2863 882 2956 λίθαξ,
907 2866 1052 2955 lapillus

595 2989 701 3051 σκος,
728 2979 769 3036 ut
783 2963 1070 3060 ἀνθρωπίσκος,
1096 2963 1292 3038 homuncio

595 3071 677 3155 λος,
701 3079 742 3136 ut
756 3064 949 3153 ναυτίλος,
975 3082 1098 3140 nauta.

490 3169 745 3251 Foemiuinae,
766 3193 817 3253 ις,
844 3180 885 3237 ut
900 3165 1124 3264 θεραπαινίς

595 3292 683 3364 σκη,
711 3265 964 3366 σῑπαιάίσκη,
991 3272 1132 3342 ancilla.

490 3373 733 3455 Neutrorum,
757 3398 859 3460 νιον,
885 3387 925 3443 ut
941 3372 1128 3469 ὀψώνιον,
1154 3374 1302 3444 coenula

594 3502 697 3568 κιον,
722 3487 763 3544 ut
778 3473 990 3569 μειράκιον,
1019 3476 1302 3547 adolescentulus

595 3584 696 3664 λισν,
723 3573 984 3669 utstddttwr,
1011 3578 1238 3669 imaguncula

596 3705 704 3775 φισν,
731 3691 772 3748 ut
787 3670 976 3773 ζωάφιον,
1002 3681 1152 3749 bestiola

596 3776 699 3867 διον,
727 3794 767 3850 ut
781 3776 978 3878 κρεάδιον,
1004 3784 1209 3853 caruncula.

441 4017 466 4087 b
493 3912 549 3983 De
580 3915 783 3985 verbalibus
816 3916 896 3983 vide
933 3914 972 3983 in
1002 3913 1074 3985 line
1102 3913 1320 4007 regularium
1349 3938 1430 3983 ver-

468 4041 586 4088 orum.

756 4277 761 4290 ,
825 4204 1050 4274 Genera.

597 4356 835 4427 Mascnlinum
936 4354 1135 4451 ἀρσενικόν
1141 4351 1198 4440 ,ιλ

596 4459 849 4530 Foemiuinum
936 4452 1171 4549 θηλυκόν,ἦ.

597 4563 787 4634 Neutrum.
938 4553 1137 4652 οὐδέτερον
1144 4551 1223 4645 ,τά

599 4664 799 4735 Commune
936 4655 1115 4749 κοινόν,ὅ
1133 4654 1198 4730 καὶ
1214 4653 1249 4752 ἦ.

598 4767 850 4839 Promiscuum
939 4758 1140 4835 ἐπίκοινον.

545 4903 593 4973 Et
608 4903 705 4993 apud
722 4878 880 4972 Graecos
902 4891 994 4965 nibil
1014 4897 1058 4964 de
1082 4894 1272 4986 generibus
1293 4892 1431 4985 praeci-

442 5008 562 5103 pitur,
589 5006 686 5099 quod
703 5001 1000 5072 declinationibus
1014 5009 1285 5090 cognoscantur.
1322 4996 1432 5088 Quod

443 5112 474 5182 si
492 5108 573 5203 quis
588 5106 739 5176 omnino
757 5117 792 5175 et
809 5128 978 5195 generum
1005 5102 1145 5192 regulas
1168 5099 1344 5189 postulet,
1377 5123 1432 5169 se-

444 5225 578 5308 quatur
609 5212 744 5280 formas
776 5205 936 5276 Latinas.
1002 5201 1043 5273 ln
1073 5229 1098 5275 α
1125 5200 1321 5272 foeminina
1348 5213 1432 5271 sunt

443 5328 588 5407 praeter
604 5312 782 5395 verbalia,
807 5310 846 5379 in
871 5336 895 5403 η
921 5306 1138 5390 foeminina,
1171 5303 1280 5373 etsie
1305 5304 1350 5372 de
1375 5327 1432 5371 re·

443 5417 565 5511 liquis.

480 5702 532 5764 rt)
550 5698 729 5752 inveniuntur
747 5723 783 5735 —
799 5697 922 5755 detero]
947 5692 989 5743 sio
1008 5692 1092 5742 uuita
1112 5690 1206 5756 tm,
1226 5688 1320 5753 tm,
1340 5684 1433 5752 tm,

518 5771 547 5823 ln
564 5772 647 5824 rotet.
662 5768 850 5821 ibn-lbet.
869 5766 898 5813 et
917 5761 990 5813 1516.
1009 5762 1075 5811 baec
1092 5761 1201 5811 duent.

1014 584 1139 659 PlllL.
1174 583 1289 657 unt..
1321 583 1525 659 SCRIPTA
1556 582 1893 657 PHllaOIaOGlCA.

1684 755 1841 839 Casus,
2052 760 2201 839 πτῶσις.

1633 871 1887 977 Nominativns
1970 866 2208 969 ὅνομαστικὴ.

1634 974 1825 1045 Genitivus
1975 968 2116 1069 ywtxri.

1633 1074 1787 1147 Dativus
1975 1077 2116 1172 δοτική.

1632 1178 1864 1250 Accusativus
1974 1177 2169 1272 αἰτιατική.

1633 1279 1829 1352 Vocativus
1973 1279 2136 1375 κλητιιιή.

1800 1446 2145 1532 Declinatio.
2211 1510 2214 1515 ·
2272 1503 2276 1515 ·

1584 1595 1754 1688 Quinque
1767 1608 1852 1667 sunt
1870 1598 2014 1669 ordines
2030 1598 2189 1669 Graecae
2205 1596 2468 1682 declinationis,

1483 1720 1574 1793 quos
1591 1697 1768 1788 simplices
1783 1722 1971 1784 vocamus,
2005 1712 2041 1770 et
2062 1724 2105 1771 er
2128 1699 2254 1794 quinta
2268 1712 2469 1770 nascuntur

1483 1801 1629 1894 quidam
1647 1799 1790 1869 ordines
1804 1802 1970 1891 flectendi
1984 1805 2147 1884 uomina,
2173 1800 2468 1897 quae'Gontrac'ta

1484 1914 1627 1971 vocant.
1653 1900 1746 1972 Nam
1758 1927 1838 1971 cum
1854 1903 1894 1971 in
1907 1904 2121 1998 quibusdam
2137 1903 2347 1975 numinibus
2362 1903 2467 1999 quin-

1483 2014 1541 2072 tae
1565 2002 1816 2074 declinationis
1840 2007 2031 2076 continuae
2051 2007 2191 2077 vocales
2207 2005 2469 2076 iaciantxuxo-

1483 2100 1653 2201 φωνίαν,
1680 2106 1796 2174 solent
1811 2131 1873 2176 eae
1890 2109 2034 2179 vocales·
2054 2108 2208 2193 mutari,
2242 2105 2410 2197 concerpi
2430 2116 2468 2173 et

1483 2205 1622 2290 collidi,
1647 2231 1693 2275 ne
1711 2203 1829 2278 hiulca
1845 2209 1890 2279 sit
1903 2209 2164 2300 pronuntiatio.
2214 2206 2302 2278 lude
2316 2206 2469 2276 nomina

1483 2309 1659 2402 quaedam
1676 2321 1859 2379 contracta
1876 2324 2025 2396 vocant,
2051 2310 2230 2383 servantia
2243 2308 2388 2403 quidem
2401 2330 2469 2375 na-

1482 2422 1601 2479 turam
1617 2401 1865 2482 declinationis
1889 2413 2054 2506 quintae,
2087 2413 2150 2483 'sed
2173 2411 2303 2482 alicubi
2324 2422 2468 2480 mutan·

1482 2511 1532 2579 tia
1548 2508 1715 2581 nonnihil
1732 2527 1881 2605 propter
1895 2515 2099 2586 suaviorem
2120 2513 2467 2606 pronuntiationem.
2543 2543 2548 2551 ·

1482 2613 1563 2706 Qua
1580 2615 1624 2682 de
1640 2639 1679 2682 re
1693 2615 1787 2684 inira
1803 2617 1920 2706 plura.

1582 2730 1700 2800 Porro
1716 2732 1800 2825 quia
1824 2732 2021 2823 simplicem
2043 2752 2190 2801 casuum
2211 2729 2468 2799 formationem

1482 2831 1589 2899 etiam
1609 2834 1751 2922 liuguae
1765 2834 1968 2926 proprietas
1983 2830 2164 2904 interdum
2179 2831 2316 2916 variat,
2341 2833 2385 2901 de
2400 2827 2468 2902 hac

1481 2957 1625 3027 quoque
1641 2935 1836 3026 repetenda
1850 2936 2027 3029 quaedam
2044 2935 2186 3027 longius
2197 2935 2383 3018 videntur,
2404 2957 2468 3003 an·

1480 3046 1625 3128 tequam
1642 3039 1686 3105 ad
1701 3036 1795 3127 ipsas
1814 3036 2071 3107 declinationes
2087 3038 2273 3108 veniamus
2281 3035 2343 3134 “)

1802 3217 1867 3289 De
1892 3218 2140 3290 Dialectis.

1583 3351 1730 3451 natan)
1755 3355 1825 3427 fnit
1848 3357 1970 3448 regio,
2002 3382 2094 3451 quae
2120 3355 2291 3427 Graeciae
2317 3355 2466 3426 nomine

1481 3460 1666 3550 quondam
1696 3481 1799 3529 censa
1826 3472 1889 3529 est.
1957 3456 2080 3553 ltaque
2114 3472 2150 3527 et
2183 3458 2300 3527 omnis
2326 3458 2466 3550 generis

1481 3559 1750 3651 disciplinarum
1777 3560 1955 3652 plurimos
1978 3561 2168 3653 scriptores
2194 3555 2330 3629 habuit.
2381 3560 2469 3627 Fuit

1482 3684 1566 3752 ergo
1594 3676 1629 3730 et
1654 3663 1839 3754 multiplex
1864 3663 2037 3757 loquendi
2061 3663 2155 3732 ratio
2183 3662 2262 3733 aliis
2290 3662 2468 3752 partibus.

1481 3762 1534 3833 Ea
1559 3764 1731 3859 loquendi
1756 3765 1959 3857 proprietas
1983 3760 2172 3862 διάλεκτος
2197 3787 2217 3835 a
2238 3763 2467 3858 Quintiliano

1482 3879 1722 3957 nuncupatur.
1775 3866 1990 3959 Discrepant
2004 3867 2147 3938 dialedti
2165 3891 2245 3938 curn
2259 3865 2467 3959 grammati-

1483 3968 1533 4038 cis
1557 3967 1827 4056 inflexionibus‚
1866 3971 2020 4042 transitu
2052 3971 2258 4055 literarum,
2294 3969 2467 4038 varietate

1483 4083 1676 4156 tonorum,
1711 4086 1787 4143 tum
1823 4074 1884 4143 lilo
1910 4074 2105 4158 orationis,
2146 4073 2244 4168 quod
2270 4071 2468 4165 genuinum

1484 4175 1611 4267 cuique
1620 4174 1793 4244 Graeciae
1807 4176 1903 4269 parti
1920 4174 2015 4247 haud
2032 4199 2117 4246 raro
2133 4170 2387 4269 deprehendet,
2403 4172 2468 4266 qui

1483 4276 1530 4346 sit
1548 4276 1621 4345 acri
1636 4277 1782 4348 iudicio.
1833 4279 1924 4371 Quis
1940 4278 2035 4350 euim
2055 4279 2182 4373 Syram
2205 4278 2403 4348 orationem
2422 4275 2469 4343 ab

1483 4380 1599 4460 Attica
1615 4405 1690 4449 nou
1714 4382 1957 4453 internoscat?
1987 4384 2094 4451 etiam
2117 4384 2147 4453 si
2162 4379 2287 4449 Atticis
2310 4375 2470 4467 coeperit

1483 4483 1536 4550 uti
1552 4483 1655 4575 Syria
1675 4483 1809 4575 liguris.
1858 4487 1926 4557 Sed
1953 4487 1998 4555 de
2024 4481 2094 4556 hoc
2120 4486 2191 4556 alio
2217 4482 2470 4576 locoagetur3

1483 4580 1542 4653 hic
1575 4579 1827 4675 grammaticos
1862 4573 2084 4657 variatarum
2110 4583 2313 4660 διαλέκτων
2339 4582 2469 4651 modos

1485 4690 1646 4759 observa.

1585 4809 1722 4894 Attica,
1750 4809 1849 4879 cuius
1865 4834 1948 4879 usus
1963 4808 2002 4877 in
2018 4809 2164 4899 regione
2178 4804 2295 4874 Attica
2312 4802 2397 4885 luit,
2425 4823 2467 4868 ea

1484 4929 1537 4985 est
1570 4912 1852 5006 elegantissima,
1899 4925 1940 4982 ut
1972 4903 2145 4983 θάλαττα
2175 4933 2243 5001 pro
2275 4899 2466 4978 θάλασσα.

1483 5017 1560 5087 Hac
1586 5030 1670 5087 sunt
1695 5016 1768 5099 usi,
1799 5015 1862 5109 qui
1882 5009 2030 5083 Athenis
2055 5013 2229 5095 floruere,
2255 4999 2468 5077 Demosthe·
2523 5105 2528 5114 Ι

1482 5146 1566 5206 nes,
1592 5114 1850 5211 Aristophanes
1866 5130 1901 5186 et
1917 5115 2059 5186 caeteri.

1582 5238 1725 5323 Ionica,
1751 5237 1913 5329 proxima
1926 5231 2085 5317 Atthidi,
2108 5246 2149 5303 ut
2163 5255 2229 5325 pro
2244 5226 2329 5324 ὅρος
2343 5216 2472 5321 οὖρος,

1483 5339 1549 5412 hac
1565 5342 1743 5412 Homerus
1759 5340 1912 5409 maxime
1929 5364 2013 5410 usus
2030 5350 2093 5407 est.

1515 5580 1565 5647 ω)
1587 5582 1729 5633 Porro-
1744 5577 1912 5639 veniamus]
1943 5572 1984 5626 sic
2012 5537 2192 5626 truttam.
2208 5585 2286 5636 ταας
2320 5567 2349 5616 iu
2381 5563 2468 5616 Editt.

1508 5669 1515 5676 ·
1553 5651 1744 5702 tun-15⁴1.
1762 5650 1869 5700 desunt.

1516 5753 1566 5812 et)
1583 5747 1667 5815 Lata]
1689 5746 2119 5808 stsnuitt.1aaa-1sta.sqq.;
2146 5742 2197 5793 Ed.
2213 5737 2289 5792 tnta.
2307 5735 2413 5798 ample.
