5534 6700
308 606 362 677 77
832 601 955 676 XCIV.
1006 600 1334 676 GRAMMATICA
1366 599 1563 675 GRAECA
1593 598 1822 675 INTEGRA.
2294 606 2346 679 70

313 789 460 859 maest,
487 779 532 845 ad
550 801 660 870 quam
678 789 803 868 suapte
819 789 948 847 natura
972 775 1125 847 ducitur.
1185 775 1303 844 Suave
1458 774 1579 864 θεᾶν,
1606 797 1624 840 a
1643 772 1737 864 θεά,
1761 797 1830 865 pro
1844 775 1969 866 θεῶν,
1995 772 2173 864 genitivus
2195 776 2345 866 pluralis

312 881 424 971 igitur
440 879 625 949 Musarum
644 903 789 949 carmen
811 892 884 960 est,
912 879 1084 972 quoniam
1108 878 1207 960 fluit,
1233 872 1303 947 hoc
1356 888 1427 958 est,
1453 875 1534 943 vide
1551 879 1692 969 μοῦσα.

312 997 386 1063 cst,
410 1006 473 1052 sua
490 983 602 1073 ipsius
618 994 746 1073 sponte
762 982 936 1074 sequitur.
993 980 1172 1051 Homerus
1195 992 1301 1070 poeta
1456 974 1521 1050 δαί
1537 979 1634 1046 acuit
1648 978 1826 1060 ultimam,
1854 992 1907 1049 est
1920 979 2015 1049 euim
2033 979 2203 1072 obliquus
2216 1003 2345 1049 mono-

309 1085 499 1157 Nestorem
519 1086 691 1174 insignem
709 1096 890 1153 oratorem
902 1084 1156 1174 descripturus,
1172 1082 1303 1176 inquit,
1355 1080 1483 1173 syllabi
1500 1080 1595 1149 acuti
1613 1078 1687 1176 ὄψ,
1713 1105 1794 1151 vox.
1852 1079 2000 1151 Declina
2018 1075 2043 1175 ἡ
2058 1079 2130 1177 dp,
2160 1086 2227 1176 τῆς
2242 1078 2345 1173 ὀπός,

311 1183 526 1285 [illata]
546 1191 615 1259 τοῦ
627 1183 692 1258 καὶ
707 1182 781 1259 άπὸ
795 1179 965 1285 γλαίσσης
978 1184 1123 1278 μέλιτος
1136 1172 1303 1284 γλυκίων
1353 1188 1401 1276 τῇ
1417 1179 1501 1265 ὀπί,
1527 1176 1597 1275 τὴν
1611 1180 1686 1254 ὄπα
1700 1185 1922 1254 accusativus
1939 1187 2162 1277 penacuitur.
2212 1184 2344 1255 Name

310 1286 390 1383 ρίεν
407 1284 518 1382 αἰδή.
553 1288 662 1359 Cuius
678 1291 723 1358 ab
740 1313 802 1358 ore
819 1289 898 1359 fluit
912 1314 1002 1371 vox,
1027 1289 1133 1357 melle
1150 1286 1302 1379 liquenti
1354 1285 1475 1375 regula
1491 1284 1717 1373 excipiuntur
1730 1287 1922 1357 accusativi
1939 1310 2063 1357 omnes
2080 1298 2115 1354 et
2128 1285 2346 1354 nominativi

312 1391 464 1462 dulcior.
517 1391 675 1462 Tantum
694 1392 822 1473 relert,
848 1394 948 1484 quod
969 1404 1113 1461 acturus
1133 1389 1201 1472 sis,
1227 1413 1303 1458 non
1355 1387 1477 1456 duales
1493 1399 1528 1453 et
1543 1386 1719 1475 plurales,
1746 1401 1786 1456 ut
1795 1386 1896 1484 χείρ,
1919 1386 2062 1486 χειρός,
2084 1383 2202 1483 χειρί,
2224 1390 2345 1483 χεῖρα.

312 1506 537 1584 repugnante
568 1493 757 1577 Minerva,
796 1507 836 1563 ut
867 1518 946 1563 cum
979 1493 1131 1562 Horatio
1159 1493 1303 1585 loquar,
1355 1489 1405 1560 sic
1422 1490 1466 1558 de
1484 1487 1680 1575 similibus,
1707 1480 1830 1584 ὦὸψ,
1853 1486 1901 1562 τά
1917 1490 2002 1581 ὄπι,
2027 1491 2114 1564 ταῖν
2135 1487 2265 1580 ὄποῖν,
2290 1514 2345 1558 re·

315 1597 433 1665 obeas.
481 1595 577 1671 Tum
594 1620 681 1667 vero
696 1596 881 1667 indefesse.
923 1595 1016 1667 Nam
1028 1595 1118 1690 quid
1137 1596 1301 1664 omnium
1353 1591 1452 1685 liqua
1469 1603 1629 1682 praestat
1645 1591 1823 1682 analogia.

313 1700 410 1790 quod
427 1709 463 1766 et
479 1699 597 1769 minus
613 1699 802 1771 molestum
818 1698 884 1781 sit,
910 1711 944 1767 et
961 1701 1221 1767 contendamus
1246 1719 1303 1765 ar·
1456 1689 1657 1787 λειριοέσσῃ
1676 1694 1891 1764 adiectivum
1916 1694 2155 1763 foemininum
2176 1705 2343 1765 movetur

312 1799 474 1884 dentius‚
502 1825 609 1893 quam
627 1801 663 1869 id
679 1801 779 1872 cuius
796 1801 926 1871 insevit
940 1802 1045 1871 nobis
1059 1824 1220 1869 amorem
1238 1823 1302 1881 na-
1355 1790 1552 1890 ὃλειριόεις
1566 1795 1718 1879 florens,
1745 1800 1814 1868 τοῦ
1836 1789 2052 1892 λειριόοντος
2072 1798 2221 1889 quintae
2237 1794 2345 1867 decli-

313 1914 409 1971 tura.
1354 1909 1428 1967 nat.
1445 1896 1562 1987 simpl.
1603 1891 1865 1995 ἧλιιριόεσσα,
1898 1902 1962 1994 τῆς
1985 1894 2206 1993 λειριοίοσης
2221 1921 2343 1969 secun-

414 1996 526 2096 ἡδύς,
553 1997 695 2095 ἡδίων,
719 1998 881 2097 ἥδιστος.
936 2004 993 2074 Sic
1019 1996 1178 2103 γλυκύς,
1209 2007 1302 2101 γλυ-
1354 2000 1432 2069 dae.
1467 1992 1510 2069 τὸ
1530 1995 1701 2093 λειριόεν,
1726 2004 1795 2073 τοῦ
1811 1994 2028 2097 λειριόεντος
2042 2000 2201 2095 quintae.

311 2099 424 2189 κίων,
470 2101 678 2203 γλύκιστος.
756 2103 960 2176 Declinatio
991 2107 1029 2174 in
1060 2103 1301 2187 Heteroclitis,
1455 2096 1551 2191 Ergo
1577 2096 1642 2173 ὀπὶ
1667 2098 1869 2199 λειριοέσσῃ
1892 2098 2139 2199 σκιδναμένῃ,
2165 2124 2252 2170 voce
2277 2099 2342 2168 llo·

310 2203 427 2273 Motio
443 2206 481 2273 in
499 2206 614 2298 capite
629 2205 788 2277 nominis
802 2220 912 2299 patet.
1354 2201 1448 2271 renti
1464 2202 1597 2287 lracta,
1624 2204 1738 2272 dativi
1755 2220 1839 2277 sunt
1853 2206 1911 2275 vel
1930 2207 2019 2277 sexti
2036 2230 2156 2287 casus,
2182 2198 2343 2299 λειριόεις

403 2304 506 2378 ’Ἀδω
534 2332 646 2392 cano,
679 2302 777 2403 αὐδή
804 2334 969 2393 carmen,
1003 2323 1038 2379 et
1060 2308 1208 2400 prolatis
1232 2308 1301 2402 syl·
1354 2304 1670 2383 denominativum¹
1694 2308 1835 2399 copiam
1865 2307 2063 2400 significare
2088 2306 2250 2389 videtur,
2282 2314 2346 2373 aut

310 2406 403 2475 labis
420 2401 552 2501 ἀοιδή,
578 2404 847 2501 equo,'reciso
870 2438 913 2494 α,
948 2413 986 2479 fit
1009 2407 1089 2507 ᾠδή
1114 2435 1181 2501 pro
1205 2402 1301 2503 ολδῆ.
1353 2406 1645 2491 similitudinem,
1671 2408 1840 2494 floridus,
1869 2435 1888 2479 a
1913 2406 2069 2509 λείριον,
2096 2435 2169 2505 quo
2195 2406 2342 2476 nomine

310 2506 407 2575 Hinc
423 2520 475 2576 est
498 2508 780 2598 compositorum
805 2535 918 2601 prope
943 2512 1054 2578 nimia
1079 2511 1205 2601 copia,
1229 2536 1302 2581 κω-
1355 2508 1500 2598 proprie
1517 2508 1673 2578 Narcissi
1690 2511 1815 2581 llorem
1836 2512 2028 2604 significari
2044 2512 2157 2583 aiunt.

309 2604 439 2703 μῳδία
455 2632 600 2677 carmen
615 2609 686 2677 ioci
704 2611 921 2696 convivalis,
945 2605 1140 2711 τραγῳδία
1158 2634 1302 2680 carmen

310 2708 485 2799 tragicum
502 2721 567 2778 etc.
620 2709 769 2778 Declina
786 2708 884 2804 αὐδή
898 2712 989 2782 sicut
1003 2716 1142 2806 μοῦσα.
1230 2774 1232 2778 .

1456 2640 1533 2736 (Vs.
1558 2639 1638 2737 42.)
1674 2642 1925 2742 σκιδναμένῃ,
1959 2650 2131 2740 dispersa.
2190 2645 2342 2716 Dativus

409 2821 421 2849 ι
459 2823 471 2847 .
1354 2757 1442 2861 est..
1471 2744 1639 2813 Moretur
1655 2740 1918 2838 σκιδνάμενος,
1945 2773 2009 2841 νη,
2035 2774 2143 2865 νον..
2171 2748 2267 2819 Nota
2288 2760 2341 2819 est

407 2826 893 3019 'thssdltdredtlllmddiildlivum
911 2930 1074 2997 adverbii
1091 2930 1205 2999 vicem
1221 2933 1301 2999 fun-
1354 2846 1653 3038 decqupyqzvsqulppt
1662 2842 1867 3043 affimat
1877 2850 2344 3044 lellffiz'ssllssnlpliaeffl.

313 3055 415 3123 gens,
455 3054 529 3097 non
551 3030 750 3112 laboriose,
785 3030 978 3114 indefesse,
1014 3033 1059 3099 ab
1083 3056 1108 3103 α
1131 3032 1300 3123 privandi
1353 3038 1415 3127 tis;
1444 3001 1779 3143 hidcq'ycd,'echo,
1806 3002 2089 3123 ddrivatumest.

312 3144 410 3216 nota,
436 3126 470 3202 et
484 3126 619 3225 κάμνω
634 3134 774 3215 laboro,
801 3134 985 3226 quomodo
1005 3157 1024 3201 a
1042 3127 1215 3228 κάματον
1227 3136 1301 3204 for·
1453 3146 1579 3245 Κάρη,
1613 3152 1836 3247 frequentius
1857 3167 1912 3225 est
1933 3152 2051 3252 κάρα,
2093 3167 2219 3246 caput;
2260 3176 2346 3245 pro-

312 3247 446 3303 matum
464 3234 528 3317 sit,
554 3222 647 3303 infra
670 3237 715 3304 de
739 3234 941 3306 verbalibus
962 3234 1068 3327 leges.
1120 3234 1301 3308 Homerus
1353 3248 1486 3321 misene
1518 3242 1736 3338 declinatur,
1775 3250 1940 3353 ἦχάῃα,
1983 3262 2048 3354 τῃ,
2064 3252 2202 3354 ,ἄρας’
2241 3268 2278 3325 ,η
2298 3252 2344 3329 ,ῃ

312 3333 506 3431 ἀκάματον
522 3340 598 3433 πῦρ
614 3362 682 3429 pro
699 3334 902 3408 vehementi
919 3338 1001 3429 igne
1018 3338 1109 3408 dixit
1128 3363 1169 3409 ac
1191 3363 1299 3432 supra
1351 3348 1468 3448 κάρα,
1493 3358 1562 3426 τοῦ
1576 3348 1774 3450 κάραῑοςπ
1793 3348 1981 3453 κοίρανον,
2013 3373 2049 3429 et
2063 3356 2106 3431 τὸ
2122 3353 2242 3455 κάρη,
2274 3361 2343 3432 τοῦ

311 3443 457 3509 modum
489 3439 742 3510 effervescenti.
808 3441 899 3510 Sunt
935 3453 970 3510 et
998 3441 1090 3532 aliae
1122 3445 1297 3536 quaedam
1351 3451 1557 3552 καρήατος,
1584 3452 1720 3550 alcinoi
1773 3458 2018 3556 ,τῆςκάρης.
2080 3456 2340 3532 Callimachus:

309 3541 526 3634 particulae,
567 3544 696 3636 quibus
722 3545 818 3638 quod
845 3543 934 3612 citra
956 3543 1117 3613 laborem
1143 3543 1200 3628 lit,
1240 3546 1300 3615 de·
1344 3554 1766 3656 ’Ἀρτεμισήνηχαῃῃγ
1784 3557 1937 3654 ὤμοσα,
1963 3561 2030 3635 σόν
2043 3589 2084 3635 τ,
2097 3558 2200 3656 βίον,

309 3645 516 3727 scribimus,
543 3657 582 3714 ul
598 3640 800 3748 ἆνῑδθωῖῖι
831 3646 918 3716 tilla
935 3649 1116 3732 ³⁰d⁰¹⁰¹¹b
1453 3653 1659 3754 Νιφόεντος
1685 3685 1704 3729 a
1729 3657 1890 3760 νιφάεις,
1927 3688 2030 3734 move
2055 3665 2146 3735 sicut
2166 3659 2340 3759 λειριόεις,

403 3759 691 3854 Ἐκστομάτων.
715 3761 767 3848 τὸ
784 3762 925 3857 στόμα,
959 3763 1167 3858 στόματος,
1201 3763 1297 3836 Neu-
1352 3759 1507 3828 nivalem
1533 3762 1716 3854 significat.
1785 3763 1842 3834 Sic
1868 3765 2065 3860 Olympum
2095 3767 2342 3859 cognominat,

314 3878 407 3936 trum
427 3865 573 3959 quintae
591 3867 841 3938 declinationis
856 3866 1084 3958 simplicium.
1351 3861 1425 3933 sive
1451 3863 1547 3956 quod
1572 3864 1671 3936 nives
1693 3868 1878 3952 demittat,
1914 3869 1988 3940 sive
2014 3871 2111 3964 quod
2134 3895 2153 3939 e
2175 3867 2275 3940 tenui
2300 3892 2342 3935 ac

364 4035 367 4042 .
406 3962 529 4039 τῶνδε
550 3969 821 4039 demonstrativi
845 3970 1071 4060 pronominis
1093 3970 1299 4060 significan·
1351 3966 1488 4033 nivium
1506 3966 1613 4035 simili
1630 3969 1779 4038 materia
1795 3970 1861 4053 sit,
1887 3967 1982 4053 ὅλως
2006 3965 2175 4068 λαμπρός
2196 3971 2342 4053 scilicet,

307 4068 355 4140 tia
378 4063 450 4151 e'st,
489 4069 622 4164 quippe
645 4065 865 4164 compositus
889 4071 1058 4143 articulus
1081 4073 1297 4166 praepositi.
1351 4091 1442 4160 quae
1469 4067 1718 4159 interpretatio
1744 4072 1932 4143 videbatur
1960 4075 2208 4164 adiungenda,
2242 4073 2341 4165 quod

305 4198 388 4257 vus,
412 4165 497 4258 ὅδε,
524 4165 611 4265 ἥδε,
637 4167 735 4247 τόδε,
1258 4253 1260 4258 Ι
1315 4162 1327 4268 l
1351 4168 1515 4260 ambigua
1538 4172 1582 4240 sit
1599 4171 1811 4262 significatio
1828 4181 1899 4248 τοῦ
1911 4169 2125 4271 νιφόεντος,
2149 4185 2241 4244 utet
2258 4173 2341 4242 reli·

402 4302 579 4402 (quo.)
612 4309 710 4402 Γεῃᾷ
730 4302 826 4379 ῃῃτ,
849 4303 1007 4400 δώματα
1035 4311 1188 4400 templa,
1226 4306 1297 4383 ῃῶ,
1350 4296 1505 4365 quorum
1523 4269 1628 4344 huius
1645 4277 1784 4344 forrrrae
1801 4277 1838 4344 in
1856 4303 1917 4357 εις.
1987 4377 1990 4382 Ι

300 4432 376 4501 μα,
410 4405 586 4501 δώματος
609 4404 877 4492 exhilarantur,
915 4415 1013 4508 γελᾷζ
1040 4435 1210 4503 praesens
1244 4427 1297 4484 est
1451 4407 1527 4504 (Vs.
1544 4406 1624 4506 43.)
1649 4405 1737 4484 Al'cl'
1755 4409 1951 4509 ἄμβροτον
1963 4409 2082 4486 ὄσσαν
2096 4409 2218 4506 ἱεῖσαι.
2263 4411 2340 4482 liae

301 4511 420 4578 neutri
443 4513 542 4580 verbi
566 4504 710 4610 γελάω,
749 4512 872 4598 rideo,
914 4515 1058 4583 nuureri
1090 4515 1295 4605 singularis.
1348 4513 1552 4602 immortale
1575 4538 1721 4582 carmen
1748 4519 1902 4586 edentes.
1961 4513 2067 4585 Unae
2088 4514 2340 4585 immortalita-

300 4611 426 4682 Solent
446 4616 542 4682 enim
571 4614 720 4699 Graeci,
753 4616 950 4685 Ammonio
974 4629 1123 4700 autore,
1157 4619 1294 4688 neutris
1347 4628 1417 4684 tem
1442 4613 1567 4686 Musae
1591 4617 1741 4707 pariunt
1767 4614 1974 4690 homiuibus
1999 4617 2040 4691 ἐκ
2061 4613 2137 4717 γάρ
2155 4609 2338 4711 μουσάων

298 4714 462 4805 pluribus
478 4719 563 4785 dare
579 4717 773 4807 singularia
793 4720 969 4810 apposita.
1144 4783 1146 4790 ,
1345 4716 1448 4798 κλέος
1476 4715 1693 4814 ἄμβροτον,
1738 4734 1779 4808 ut
1798 4717 2013 4790 Theocritus
2042 4721 2116 4802 ait,
2158 4715 2341 4810 dprivat,

1343 4812 1481 4916 βροτός
1497 4819 1670 4890 mortalis.
1730 4837 1734 4846 '

1446 4917 1530 5008 ἱείς,
1557 4917 1673 5008 leion,
1708 4919 1764 4996 ι’έν
1783 4921 2011 5015 participium
2037 4923 2083 4990 ab
2103 4919 2207 5017 ἵημι,
2237 4923 2339 4993 utin

1345 5024 1463 5095 verbis
1480 5047 1615 5095 cernes.

397 4845 478 4939 (Vs.
493 4845 569 4939 41.)
596 4848 717 4943 Ζηνός
732 4874 751 4919 a
767 4849 881 4942 Ζεύς,
908 4861 949 4920 ut
965 4876 1087 4944 supra.

393 4945 631 5048 ἐριγδούποιο
646 4954 822 5035 tonantis,
849 4955 893 5023 ab
913 4952 969 5047 Ιι’ίρι
994 4957 1153 5046 augendi
1179 4956 1288 5046 parti·

295 5052 368 5122 cula
394 5055 646 5144 componitur,
672 5070 708 5126 et
731 5053 872 5137 δοῦπος
891 5056 1041 5126 sonitus.
1107 5057 1200 5129 Nam
1221 5059 1289 5127 lul·
2052 5145 2055 5150 ,

296 5154 428 5224 minum
447 5156 782 5249 autorlupiterest.
836 5153 1102 5258 ἐρίδουπος,γ
1128 5161 1289 5251 interpo÷
1421 5157 1499 5253 (Vs.
1510 5157 1589 5260 44.)
1610 5159 1718 5233 θεῶν
1733 5160 1841 5261 γένος
1856 5157 2017 5254 αίδοῖον,
2031 5165 2182 5256 πρῶτον
2193 5158 2337 5238 κλείου-

291 5255 392 5324 nitur
427 5261 581 5349 augendi
614 5263 786 5353 temporis
813 5262 941 5351 gratia.
995 5257 1016 5333 ὁ
1047 5257 1290 5361 ἐρίγδουπος,
1343 5281 1404 5336 σιν
1422 5257 1544 5358 ἀοιδῇ.
1578 5263 1755 5354 Ι«λεπίδες
1791 5265 1896 5337 θεῶν
1918 5263 2027 5366 γένος
2051 5265 2089 5333 in
2112 5264 2243 5358 dactyli
2267 5289 2336 5338 nu·

287 5361 360 5432 τοῦ
376 5356 601 5456 ίριγδούπου
620 5360 685 5435 καὶ
704 5360 938 5461 ἐριγδούποιο
959 5362 1098 5447 lonice,
1139 5389 1212 5460 quo
1230 5389 1288 5456 ge·
1342 5389 1481 5435 merum
1505 5367 1669 5447 redacto,
1713 5366 1820 5440 θεῶν
1841 5371 1929 5440 duas
1954 5367 2109 5460 syllabas
2141 5392 2212 5437 una
2238 5391 2336 5437 com·

287 5460 404 5532 nitivo
422 5459 480 5535 hic
494 5465 674 5536 Hesiodus
689 5470 811 5539 utitur.
861 5466 1286 5559 Hicobservabisparti·
1343 5468 1508 5557 plectere,
1521 5481 1563 5537 ut
1579 5467 1674 5559 apud
1686 5467 1885 5540 Homerum
1902 5467 1962 5568 [ll.
1977 5467 2005 5553 l,
2024 5464 2090 5567 l.],
2107 5474 2220 5564 μῆνιν
2237 5466 2337 5544 άειδο

285 5565 382 5636 culos
413 5570 490 5638 sola
524 5570 785 5659 compositione
816 5582 1024 5660 usurpatas,
1063 5570 1145 5662 ἐρι,
1182 5566 1229 5659 ζα
1255 5584 1291 5640 et
1341 5566 1416 5642 θεοὶ
1433 5567 1669 5666 Πηληϊάδεω,
1701 5596 1768 5664 pro
1785 5568 2005 5666 Πηληϊάδω,
2029 5574 2179 5665 perinde
2196 5597 2235 5642 ac
2252 5573 2337 5642 elisa

284 5666 417 5742 similes
436 5665 635 5768 ίριθάλλης
652 5676 847 5743 admodum
863 5672 1013 5757 florens,
1037 5666 1181 5761 ζάθεος
1199 5674 1290 5770 divi·
1340 5675 1467 5745 vocali.
1521 5675 1614 5747 Nam
1648 5680 1753 5768 longa
1777 5677 1924 5744 brevem
1949 5676 2125 5767 concipit,
2159 5673 2337 5745 etllesio-

282 5792 350 5841 nus
367 5784 433 5843 etc.
1175 5823 1206 5846 -2
1339 5778 1424 5862 dus,
1457 5779 1536 5873 ῥεῖα
1557 5773 1628 5873 μέν
1658 5774 1734 5878 γάρ
1754 5772 1898 5874 βριάει,
1933 5778 2035 5872 quasi
2058 5780 2154 5868 legas
2174 5799 2229 5872 ριι
2249 5798 2337 5868 μεν,
