5534 6700
710 1774 713 1779 ·
745 1770 749 1861 χ
772 1745 1007 1845 xoris
1035 1750 1211 1881 pust.
1233 1738 1819 1893 'transmutata

280 1971 509 2105 Melantbonis
530 2030 712 2107 Syntaxis
735 2029 854 2106 linguae
876 2028 1011 2102 latinae,
1028 2042 1104 2103 quse
1126 2024 1256 2091 inde-,ab
1276 2042 1352 2083 anno
1376 2018 1475 2101 1532.
1493 2020 1662 2101 saepissime
1684 2037 1749 2077 cnm
1772 2019 1835 2076 eins
1856 2016 2053 2094 Grammatico
2075 2017 2180 2090 latina,
2206 2016 2314 2094 idest,

280 2134 347 2174 cum
360 2116 547 2194 Etymologia
561 2115 778 2192 lrniuslingoae
799 2115 955 2170 coniuncta
978 2112 1101 2188 prodiit,
1123 2111 1249 2188 primum
1270 2109 1393 2167 seorsim
1415 2107 1494 2166 edita
1516 2117 1547 2165 et
1568 2106 1610 2162 sic
1631 2104 1765 2181 pluribus
1778 2102 1960 2161 Editionibus
1982 2103 2059 2160 rasio
2083 2101 2166 2159 modo
2190 2105 2315 2180 repetita

279 2212 335 2260 est.
379 2202 455 2259 Nam
477 2203 506 2259 in
531 2201 586 2259 boc
608 2217 724 2280 quoque
746 2216 838 2276 opere
860 2199 996 2276 plures
1017 2206 1170 2254 aetates
1191 2204 1260 2251 sunt
1281 2193 1527 2271 distinguendae,
1550 2208 1672 2271 quarum
1696 2189 1818 2273 prim-a
1840 2205 1889 2245 eas
1912 2187 2135 2265 comprehendit
2152 2186 2315 2265 Editiones,

279 2272 356 2362 dnae
377 2287 530 2345 continent
553 2284 762 2360 Syntaxiu,
790 2284 917 2361 qualis
938 2285 981 2340 ab
1002 2282 1086 2358 lpso
1108 2291 1268 2337 auctore
1290 2278 1440 2354 scripta
1462 2287 1531 2336 eet.
1648 2294 1651 2300 ·
1704 2290 1707 2295 '

580 2402 676 2489 Euius
692 2403 796 2459 aetatis
818 2399 872 2457 Ed.
896 2399 1035 2475 princeps
1052 2370 1161 2472 prodiit
1183 2395 1341 2474 Hagenoae
1362 2417 1391 2460 a.
1415 2394 1510 2457 l526.
1531 2397 1572 2453 sic
1593 2355 1749 2471 inscripta:

367 2581 379 2588 ,,
399 2474 582 2600 ‘sparocio
605 2514 764 2599 Pstttpps·
782 2510 946 2578 Melanch.
970 2502 1046 2575 Ises
1066 2530 1182 2572 reseas
1204 2523 1289 2574 sata
1310 2523 1343 2573 et
1364 2512 1469 2575 edita.
1500 2486 1698 2586 'Excepta
1721 2507 1845 2585 Copiae
1868 2503 1990 2577 Lotiss‘
2009 2512 2185 2592 amb,
2212 2511 2317 2574 adm.

351 2670 353 2675 ,
453 2611 527 2662 tato
550 2619 573 2671 a
594 2597 737 2666 Nicolno
757 2594 1096 2670 attentorum,
1127 2617 1150 2657 a
1172 2597 1315 2678 produ
1336 2598 1486 2693 studioso
1508 2595 1623 2665 stultis
1645 2597 1682 2654 ie
1702 2591 1785 2654 lecie
1807 2602 1920 2651 serso.
2018 2608 2020 2612 ’

930 2742 933 2751 ¹
1061 2746 1219 2841 Eodem
1239 2762 1369 2829 flesso
1395 2766 1539 2829 leucri.

904 2888 1011 2940 transt
1029 2890 1056 2938 et
1075 2888 1207 2940 nactos
1222 2892 1349 2953 pererrat
1365 2890 1435 2940 dum
1452 2900 1565 2939 sum
1581 2885 1696 2935 relictis
1789 2896 1792 2901 ·

969 2970 1121 3041 Ascatant
1137 2972 1290 3037 maim,
1311 2974 1360 3026 bic
1377 2971 1488 3039 liscio,
1512 2973 1565 3023 ille
1581 2970 1669 3045 esuri.

898 3056 1023 3110 litum
1039 3061 1167 3122 exempto
1184 3073 1222 3110 se
1237 3059 1280 3111 sis
1296 3061 1455 3119 moedus.
1479 3059 1517 3109 ob
1537 3059 1603 3108 iaris

969 3144 1035 3207 orso
1052 3145 1120 3197 beas
1137 3157 1250 3196 samm
1265 3147 1350 3210 petes
1367 3144 1489 3196 auseris
1508 3156 1571 3196 esse
1587 3142 1677 3192 uiam.
1787 3194 1790 3199 ‚

901 3226 1000 3290 ilem
1016 3229 1137 3294 erepat
1153 3220 1296 3282 semea
1311 3220 1482 3283 stamnum
1496 3230 1594 3282 tessts
1611 3228 1653 3280 sd
1668 3237 1766 3278 arceas
1785 3218 1790 3223 ’

970 3312 1129 3380 Nssprsssa
1145 3317 1320 3381 displicsm
1339 3317 1410 3369 boec
1427 3318 1570 3369 elementa
1587 3316 1651 3367 tibi.

284 3449 292 3460 ·
315 3428 351 3476 ἰ”ι
365 3413 376 3475 ·’.
393 3431 453 3470 ··--
475 3419 527 3502 (ln
547 3415 641 3499 fiaes)
669 3411 882 3493 flam,
909 3433 973 3495 per
989 3414 1109 3479 lobes.
1128 3414 1317 3494 Maiore,
1347 3417 1453 3481 Asso
1474 3410 1723 3481 ΜΠΧΧΥΙ.
1751 3411 1867 3475 Messe
1890 3411 2019 3486 leam,
2041 3434 2128 3493 quam
2149 3416 2318 3479 Clsrrsulam

291 3553 299 3577 .,
395 3565 397 3572 ,
453 3507 649 3585 subeqnitur.
664 3501 783 3578 Insigne
804 3513 937 3580 typogar
965 3502 1104 3580 Scotum,
1124 3507 1153 3578 irs
1176 3526 1234 3583 qno
1258 3508 1322 3564 lani
1345 3517 1434 3585 caput
1458 3506 1568 3566 bifrons
1590 3517 1647 3564 est.
1688 3500 1731 3562 tu
1751 3502 1850 3579 plagg.
1873 3500 1928 3560 litt.
1943 3502 2052 3569 a-Q
2069 3503 2152 3579 sign,
2175 3500 2240 3563 128
2254 3504 2320 3565 loll.

359 3659 361 3664 ,
454 3611 513 3651 non
536 3610 637 3666 unm,
664 3589 695 3652 8.
729 3586 839 3666 (iola
859 3584 993 3649 ll-l·
1023 3589 1138 3648 loannis
1159 3590 1274 3650 Seuerii
1295 3592 1424 3670 epistola
1445 3590 1659 3667 nuncupatoria
1680 3588 1718 3645 ad
1740 3587 1892 3660 Erasmum
1913 3586 2079 3657 Ebuerutut
2113 3588 2167 3648 iol.
2189 3587 2317 3648 abl-

454 3673 534 3738 Cb·
557 3675 730 3736 blelautbou
753 3672 792 3731 de
814 3672 955 3749 Syntaxi3
984 3671 1227 3737 subcffl-S'
1255 3676 1328 3735 ldel.
1354 3676 1393 3735 de
1415 3675 1564 3744 Periodisr
1586 3667 1870 3734 uacet-Do*
1897 3671 1967 3729 Eius
1987 3673 2142 3746 Prosodia3
2170 3672 2223 3734 tot.
2240 3673 2320 3736 nti·

419 3816 423 3823 ,
452 3762 530 3829 —Q
543 3760 584 3822 7·
614 3760 761 3837 Exempla
785 3759 889 3835 copiae
917 3759 1000 3816 latini
1020 3761 1179 3837 sermonis,
1213 3762 1351 3820 adnotata
1376 3778 1394 3819 a
1416 3759 1537 3819 Nicolao
1557 3759 1696 3817 Liburnis
1717 3755 1850 3833 Veneto,
1884 3757 2048 3835 ‘aquodam
2071 3759 2199 3821 studioso
2221 3762 2320 3819 miultis

454 3850 485 3906 in
506 3848 578 3905 locis
599 3855 699 3916 ancta3
733 3843 787 3903 t'ol.
809 3840 892 3910 07⁸
917 3844 958 3905 N.
980 3844 1114 3902 Liburoii
1134 3844 1271 3924 postietio
1293 3846 1332 3903 ad
1356 3846 1552 3923 Eloquentiae
1573 3844 1771 3919 Candidatus,
1800 3844 1951 3902 subiuncta
1971 3844 2129 3916 Clausold3
2162 3843 2216 3905 lul.
2239 3844 2320 3914 Qu·

293 3986 298 3996 ‚
339 3991 341 3995 ,
451 3930 573 4009 lusigue
596 3943 729 4008 typogr.;
765 3928 818 3989 tot.
839 3928 922 3998 08δ
950 3927 1106 4007 vacat).⁸)

292 4069 295 4076 ·
369 4054 414 4115 Ad
435 4053 521 4111 huius
542 4051 599 4109 lld.
622 4049 766 4126 originem
787 4047 1010 4121 illustrandam,
1039 4045 1150 4107 Seuerii
1171 4047 1325 4126 epistolam
1345 4066 1477 4126 nuncup.
1498 4047 1530 4105 b.
1545 4048 1566 4107 l.
1588 4044 1696 4105 affero:

909 4212 1054 4277 Iocastes
1076 4216 1249 4291 Serestus,
1279 4214 1422 4279 Ernesto
1445 4212 1575 4277 Ebsero
1596 4211 1632 4278 S.
1652 4212 1698 4277 D.

290 4349 299 4355 '
414 4342 586 4419 Sydtsxeon
617 4337 873 4408 commentariolus
901 4337 1088 4397 bucellenus
1110 4347 1172 4415 est,
1201 4356 1309 4418 quem,
1340 4359 1407 4399 cnm
1430 4338 1621 4397 ostendissem
1644 4335 1766 4395 eruditis
1787 4334 1959 4413 quibusdam
1980 4336 2068 4407 viris,
2098 4336 2222 4395 illinon
2244 4339 2321 4398 indi-

282 4446 376 4508 gnum
407 4444 471 4486 esse
499 4425 723 4497 iudicaverunt,
751 4422 801 4500 qui
828 4422 859 4478 in
888 4423 1039 4501 publicum
1068 4423 1219 4483 ederetur.
1275 4425 1353 4494 Quia
1374 4442 1445 4484 reno
1466 4424 1504 4482 ad
1527 4433 1593 4482 tuos
1613 4440 1647 4480 ac
1670 4420 1922 4480 contubernalium
1943 4430 2058 4480 tuorum
2080 4440 2166 4499 nans,
2192 4424 2321 4501 primum

282 4513 399 4590 accipio
422 4512 561 4589 scriptum
584 4505 725 4585 esse**),
751 4506 953 4567 existimabam
975 4510 1125 4587 auspicato
1148 4510 1365 4569 me'editurnm
1389 4527 1473 4585 esse,
1503 4511 1528 4568 si
1550 4509 1603 4567 sub
1625 4519 1674 4567 tuo
1696 4508 1813 4567 nomine
1834 4506 2025 4585 publicarem.
2068 4509 2144 4568 Nam
2167 4528 2232 4567 cum
2252 4511 2322 4588 plo-

281 4600 392 4658 rimum
423 4597 523 4654 studiis
552 4596 609 4654 tuis
637 4593 810 4667 contulerit,
846 4593 1008 4671 pollicebar
1029 4592 1100 4651 mihi
1122 4594 1205 4671 iore,
1237 4606 1271 4654 ut
1293 4614 1428 4673 magnam
1452 4596 1605 4653 utilitatem
1628 4594 1658 4652 in
1682 4595 1848 4651 universum
1870 4592 1976 4650 scholis
1995 4596 2159 4671 puerilibus
2179 4594 2322 4656 adferret.

282 4684 351 4761 Ego
373 4683 452 4740 enim
475 4682 550 4739 hanc
572 4698 667 4739 meam
690 4678 836 4736 osticioam
858 4678 1007 4754 proiecto·
1017 4681 1118 4758 cupio,
1143 4682 1168 4738 si
1190 4680 1262 4739 nibil
1284 4681 1365 4739 aliud
1387 4692 1540 4758 praestare
1560 4698 1697 4758 munus,
1718 4678 1829 4736 nemini
1841 4695 1959 4735 nocere.
2002 4678 2104 4739 Adieci
2117 4690 2215 4739 autem
2231 4697 2323 4759 pree·
2453 4738 2458 4747 ,

284 4770 382 4846 ceptis
410 4768 450 4825 de
472 4767 615 4843 syntaxi,
643 4783 702 4822 non
731 4764 977 4822 contemnendum
1007 4782 1145 4824 somnum
1175 4765 1366 4824 formularum
1389 4765 1473 4823 latini
1494 4765 1652 4840 sermonis,
1685 4780 1757 4841 quas
1778 4772 1914 4840 tanquam
1936 4764 1967 4820 in
1988 4781 2158 4824 communes
2175 4766 2254 4825 locos
2275 4765 2323 4825 di-

285 4855 377 4933 gessit
398 4852 557 4911 Liburnius
580 4851 741 4929 quispiam,
773 4847 874 4925 bomo,
895 4861 928 4907 ut
951 4849 1094 4928 adparet,
1119 4850 1256 4929 diligens.
1301 4851 1377 4911 Nam
1400 4851 1543 4909 sermonis
1564 4854 1732 4929 proprietas
1754 4857 1785 4907 et
1806 4848 1879 4906 ratio
1899 4848 2054 4926 loquendi,
2080 4869 2169 4928 quam
2191 4843 2324 4931 φράσιν

283 4949 410 5016 vocant,
437 4938 526 4995 latius
557 4946 640 5014 patet
669 4934 778 5011 multo,
810 4953 897 5012 qnam
927 4944 959 4993 ut
989 4952 1028 4993 ex
1056 4935 1125 4994 solis
1153 4937 1321 5014 praeceptis
1349 4936 1561 5015 comprehendi
1587 4936 1687 5014 possit.
1735 4934 1837 5001 Quare
1863 4932 2047 4994 adhibendae
2068 4947 2137 4997 sunt
2158 4937 2324 4996 huiusmodi

285 5023 451 5096 romulae,
473 5040 547 5100 quas
568 5022 597 5078 in
621 5019 791 5099 quotidiano
812 5037 949 5080 emmone
970 5021 1120 5078 imitemur
1142 5034 1173 5080 et
1195 5022 1403 5099 exprimamus.
1452 5022 1738 5099 Quantulusonnque
1759 5031 1857 5079 antem
1877 5018 1980 5079 harum
2000 5021 2162 5097 figurarum
2183 5041 2324 5083 numeros

284 5120 352 5184 est,
380 5120 480 5167 tamen
503 5109 658 5185 ingentem
680 5114 766 5183 putes
787 5105 959 5165 thesaurum
981 5105 1033 5163 tibi
1054 5106 1174 5165 domum
1194 5106 1317 5166 adferri.
1374 5106 1408 5165 Si
1429 5109 1507 5165 enim
1531 5119 1613 5167 recte
1634 5107 1788 5176 aestimes,
1818 5115 1860 5164 tot
1882 5106 2003 5166 uniones
2024 5122 2074 5168 aut
2087 5111 2121 5168 si
2142 5125 2218 5187 quae
2241 5127 2323 5186 gem·

285 5213 357 5253 mae
385 5194 578 5273 pretiosiores
606 5201 691 5267 sunt,
727 5190 901 5264 mittuntur,
935 5190 1013 5269 qnod
1040 5192 1069 5248 in
1097 5190 1153 5249 boc
1180 5192 1391 5253 commentario
1420 5203 1525 5252 extant
1553 5205 1670 5251 veteres
1695 5203 1726 5251 et
1748 5209 1889 5269 germane
1911 5192 2021 5252 tauros
2040 5196 2153 5273 figurae
2173 5195 2324 5275 loquendi

285 5279 399 5357 Neque
426 5280 504 5337 enim
536 5287 587 5336 aut
615 5276 845 5355 purpurantis,
875 5286 926 5335 aut
948 5277 1030 5334 ullae
1050 5293 1186 5353 gemmae
1207 5278 1248 5338 sic
1269 5289 1376 5338 ornant
1398 5278 1562 5355 bominem,
1589 5290 1623 5336 ut
1644 5274 1694 5335 rel
1717 5277 1872 5336 mediocris
1891 5275 2038 5339 facundis.
2089 5280 2219 5340 Proinde
2241 5292 2324 5359 grato

284 5366 386 5424 animo
407 5363 463 5424 boc
485 5381 591 5422 munus
612 5355 737 5439 accipe,
754 5361 832 5438 quod
855 5360 974 5439 quidem
999 5379 1056 5419 uon
1078 5362 1180 5423 dubito
1203 5364 1253 5422 tibi
1274 5364 1450 5443 placiturum
1471 5382 1555 5440 esee,
1575 5364 1600 5422 si
1621 5377 1731 5442 perges
1749 5377 1858 5441 urgere
1877 5361 1911 5421 ld
1931 5362 2093 5425 studiorum
2116 5383 2224 5445 genus,
2245 5365 2323 5445 quod

293 5523 355 5533 ι..-

301 5612 358 5683 ·*)
376 5615 454 5667 Haec
473 5617 538 5681 td,
563 5628 646 5680 qnam
662 5615 818 5667 monitus
834 5607 865 5665 tir
883 5617 903 5666 t.
922 5615 999 5666 Neue
1013 5618 1155 5681 asytregs
1172 5628 1226 5667 sor
1243 5617 1309 5672 atta
1328 5619 1389 5673 tres.
1406 5618 1457 5669 des
1473 5615 1550 5669 xvi.
1567 5617 1666 5668 Jebrb.
1695 5619 1770 5668 'rosa
1787 5618 1833 5668 ua
1862 5619 1947 5672 asso.
1958 5617 1985 5669 ι
2007 5631 2034 5682 p.
2047 5617 2107 5684 aa,
2139 5618 2172 5673 1.
2195 5629 2250 5670 ron
2271 5618 2326 5669 tter

358 5686 447 5805 Εὕα
459 5689 578 5805 Δῗοςτ.
597 5684 712 5737 botheri
730 5687 758 5736 et
775 5686 811 5736 et.
830 5686 905 5736 Tora.
918 5684 965 5737 ut.
989 5698 1016 5747 p.
1031 5686 1090 5738 141.
1109 5688 1138 5735 st
1155 5685 1301 5737 Pansam
1319 5688 1347 5737 tn
1365 5689 1465 5740 annet.
1486 5690 1601 5752 typogr.
1625 5688 1691 5741 Vnt.
1705 5688 1767 5740 vu.
1786 5702 1812 5751 p.
1823 5688 1867 5740 ⁹⁸.
1885 5699 1930 5742 nr.
1944 5687 2005 5740 m.
2022 5690 2187 5752 recensent,
2211 5687 2241 5737 tn
2256 5688 2328 5738 neb

399 5768 440 5804 rs
458 5769 490 5807 es

323 5838 378 5906 **)
396 5842 477 5897 cort.
497 5854 567 5907 qnae
586 5855 674 5908 aspre
689 5856 716 5907 p.
731 5842 782 5894 m
796 5853 856 5907 sqq.
880 5842 915 5893 tle
930 5842 1157 5906 ttyuologtata
1173 5855 1254 5896 nen·
1271 5845 1384 5897 liras-t
1402 5844 1504 5897 desert
1522 5844 1634 5908 scripte.
1646 5844 1772 5916 dtstnes.
1882 5857 1888 5880 -·

286 5925 477 5994 muru.
498 5928 605 5993 Orsa
628 5927 715 5992 vor.
737 5927 811 5993 XX.
1109 5935 1118 5948 ’
1713 5919 1763 5987 22
