5534 6700
293 671 369 747 4⁶0
497 663 542 741 ΙΙ.
593 662 915 737 EXHORTATIO
941 659 1249 737 Mbfflliuldlll
1274 662 1340 731 ΑΙ)
1367 660 1568 733 BELLUM
1594 656 1770 733 TURCIS
1795 648 2132 732 INFERENDUM.
2253 658 2327 732 tto

291 844 330 913 in
345 839 508 912 curribus
523 851 560 909 et
575 839 614 908 in
632 838 755 932 equis,
777 862 844 909 nos
861 848 980 908 autem
996 836 1034 905 in
1050 835 1198 905 nomine
1215 832 1285 903 Dei
1440 831 1506 903 llis
1530 831 1616 903 actis
1638 828 1838 922 imperator
1863 842 2079 899 conventum
2096 829 2247 899 dimittit
2263 831 2329 900 cir·

292 943 409 1016 nostri
422 941 545 1010 omnia
562 964 736 1032 geremus.
875 937 882 945 ’
1339 937 1427 1006 citer
1440 937 1568 1006 festum
1583 933 1669 1004 Divi
1680 929 1969 1003 Bartholomaei:
1992 932 2076 1001 inde
2092 932 2132 1001 in
2145 931 2328 1003 Ameriam

396 1045 599 1138 Postquam.
624 1044 808 1134 peroravit
838 1039 1059 1133 imperator,
1100 1039 1286 1131 Principes
1337 1037 1586 1131 proficiscitur.
1635 1035 1806 1127 Egregios
1830 1049 1951 1106 autem
1972 1047 2123 1107 conatus
2139 1048 2174 1103 et
2191 1036 2328 1127 optima

292 1147 571 1243 aliquantisper,
603 1157 645 1215 ut
666 1147 723 1226 fit,
758 1143 923 1213 collocuti
945 1155 1045 1223 sunt;
1079 1155 1115 1212 et
1134 1144 1219 1237 quia
1244 1165 1286 1212 er
1338 1141 1414 1214 eius
1434 1139 1582 1211 consilia
1606 1139 1887 1211 luctuosissimus
1912 1139 1981 1209 toti
1996 1138 2214 1229 reipublicae
2231 1162 2330 1213 casus

292 1249 524 1342 imperatoris
567 1247 731 1317 oratione
768 1247 1019 1315 intellexerant
1049 1268 1125 1315 non
1156 1246 1286 1327 solum,
1337 1243 1541 1314 antevertit.
1598 1239 1678 1333 lpse
1704 1242 1799 1313 enim
1828 1241 2002 1312 extinctus
2028 1253 2081 1312 est
2106 1240 2222 1333 pridie
2248 1239 2330 1313 ldus

293 1378 403 1449 quam
428 1350 666 1421 necessarium
691 1362 782 1421 esset
809 1345 878 1418 hoc
901 1349 1058 1431 bellum,
1088 1349 1150 1419 sed
1176 1346 1285 1418 etiam
1337 1344 1520 1417 lanuarias
1533 1345 1640 1415 Anno
1661 1342 1889 1430 M.D.XlX.,
1922 1368 2003 1413 cum
2027 1344 2173 1438 quidem
2196 1367 2329 1434 paucos

293 1479 386 1550 quae
411 1455 531 1524 futura
559 1464 678 1524 essent
703 1451 854 1536 auxilia,
895 1475 976 1521 cum
1001 1449 1135 1521 scirent
1158 1475 1195 1521 se
1220 1472 1287 1519 nec
1338 1449 1416 1521 dies
1433 1447 1604 1519 febricula
1631 1461 1667 1516 et
1689 1448 1757 1519 cita
1781 1449 1862 1517 alvo
1888 1448 2096 1518 laborasset.
2146 1445 2253 1516 Extat
2269 1471 2328 1537 ge·

292 1556 479 1631 communi
500 1555 628 1636 saluti,
653 1578 719 1625 nec
737 1554 864 1627 studiis
878 1553 1030 1623 aliarum
1050 1553 1209 1643 gentium
1225 1553 1287 1621 de·
1337 1552 1432 1624 nesis
1447 1550 1708 1634 Maximiliani,
1742 1574 1853 1645 quam
1876 1545 1961 1620 huic
1981 1546 2154 1620 historiae
2171 1549 2331 1620 inseren-

294 1685 369 1731 esse
403 1660 551 1740 debere3
592 1659 680 1725 dant
710 1656 895 1748 negotium
923 1654 1073 1725 Alberto
1100 1651 1287 1746 drcbiepi·
1338 1656 1422 1724 dam
1439 1655 1543 1724 duxi:
1571 1655 1668 1746 quod
1684 1653 1830 1746 quidem
1847 1677 1923 1722 non
1936 1653 2027 1722 facio
2043 1677 2140 1722 novo
2156 1652 2330 1744 exemplo.

292 1786 403 1854 scopo
420 1759 657 1852 Moguntino,
683 1759 846 1851 Principi
865 1757 1043 1841 Electori,
1074 1771 1115 1828 ut
1130 1760 1174 1828 de
1191 1757 1285 1827 bello
1337 1757 1432 1830 Nam
1465 1769 1500 1826 et
1522 1751 1736 1829 Plutarchus
1762 1756 1910 1826 Romuli
1943 1755 2088 1845 genesin
2119 1755 2328 1848 inquisitam

293 1865 517 1933 voluntatem
539 1862 700 1954 ipsorum
722 1860 867 1932 Caesari
891 1873 1104 1952 exponeret:
1145 1884 1183 1932 se
1205 1859 1285 1933 Deo
1338 1884 1412 1933 esse
1432 1859 1575 1943 scribit,
1601 1870 1638 1929 et
1650 1859 1843 1930 Suetonius
1865 1859 2045 1952 quaedam
2070 1869 2330 1927 commemorat

294 1968 427 2058 gratias
449 1989 574 2056 agere,
600 1965 699 2059 quod
724 1988 812 2057 pace
836 1964 930 2033 inter
952 1959 1146 2033 Christiani
1168 1960 1286 2031 nomi·
1337 1966 1383 2033 de
1402 1961 1523 2054 genesi
1538 1960 1701 2051 Augusti.

293 2069 350 2138 nis
367 2066 480 2160 Reges
504 2067 717 2150 constituta,
752 2069 896 2136 tandem
920 2062 1137 2137 bochellum
1154 2060 1287 2157 suscipi
1441 2065 1511 2135 Sed
1540 2065 1638 2158 quod
1668 2065 1809 2133 rariora
1836 2075 1957 2133 extant
1980 2063 2019 2131 in
2042 2059 2202 2133 historiis
2224 2057 2331 2133 buius

292 2183 435 2265 posset,
459 2194 501 2239 ac
519 2169 672 2239 libenter
693 2194 730 2240 se
745 2180 917 2240 venturos
934 2193 1007 2240 esse
1024 2168 1062 2237 in
1078 2168 1284 2241 societatem
1338 2167 1390 2239 rei
1415 2168 1596 2258 exempla,
1622 2167 1754 2257 partim
1775 2166 1992 2257 scriptorum
2012 2164 2152 2237 inscitia
2169 2165 2209 2233 in
2223 2188 2331 2235 causa

292 2284 369 2343 tam
401 2271 548 2364 gloriosi
577 2284 612 2342 et
634 2271 687 2364 pii
711 2272 813 2358 belli,
847 2260 1044 2366 omnesque
1068 2296 1154 2364 opes
1176 2283 1212 2339 et
1235 2270 1286 2339 vi·
1338 2283 1407 2349 est;
1440 2270 1571 2362 partim
1598 2292 1641 2337 eo
1667 2269 1815 2350 accidit,
1850 2269 1934 2362 quia
1960 2269 2016 2337 vel
2038 2292 2115 2339 non
2138 2267 2333 2337 extiterunt

294 2398 352 2445 res
381 2398 462 2444 suas
491 2376 536 2443 ad
560 2398 787 2444 communem
815 2375 1058 2444 defensionem
1081 2374 1286 2443 collaturos.
1338 2373 1538 2463 descriptae
1558 2394 1704 2461 geneses
1723 2373 1904 2443 clarorum
1930 2371 2112 2454 virorum,
2144 2371 2201 2439 vel
2224 2369 2358 2443 amin.

295 2476 419 2568 Quare
441 2476 561 2544 statim
585 2475 676 2544 velle
698 2501 735 2545 se
759 2476 1053 2549 deliberationem
1073 2479 1117 2544 de
1131 2474 1287 2544 formula
1338 2499 1399 2546 sae
1425 2477 1572 2545 fuerumt
1595 2485 1700 2556 tunc,
1733 2499 1814 2544 cum
1838 2498 1895 2544 res
1914 2498 2040 2545 eorum
2070 2475 2331 2545 mandarentur

295 2579 502 2660 instituere,
537 2589 573 2646 et
606 2576 693 2671 quid
725 2578 812 2668 ipsis
840 2578 1041 2659 videretur,
1073 2574 1288 2668 Imperatori
1338 2576 1464 2646 literis.
1517 2575 1626 2666 Quod
1647 2576 1678 2645 si
1702 2577 1867 2666 prodigia
1885 2589 1921 2645 et
1934 2589 2074 2647 caetera
2091 2576 2214 2667 signa,
2237 2599 2331 2670 quae

294 2680 477 2761 indicare,
517 2691 556 2749 ut
598 2704 706 2772 quam
742 2680 900 2771 primum
932 2679 1125 2749 convenire
1156 2689 1288 2770 posset.
1339 2678 1567 2749 nascentibus
1596 2677 1739 2768 regibus
1768 2690 1830 2749 aut
1857 2679 2122 2770 praestantibus
2143 2678 2231 2748 viris
2252 2702 2331 2745 ma-

294 2781 466 2855 Formula
497 2782 822 2872 complectebatur,
858 2794 1032 2876 quantum
1065 2780 1225 2875 equitum
1254 2793 1289 2849 et
1340 2805 1430 2872 guas
1458 2779 1661 2864 felicitates,
1703 2793 1767 2850 aut
1794 2780 1915 2852 varios
1939 2803 2040 2851 casm
2059 2781 2331 2862 denuntiarunt,

294 2885 457 2976 peditum
483 2883 616 2974 singuli
630 2883 816 2975 Principes
835 2897 871 2952 et
887 2884 1012 2974 populi
1027 2885 1169 2954 mittere
1183 2883 1289 2953 debe·
1339 2883 1428 2954 boni
1457 2883 1649 2974 scriptores
1677 2883 1861 2952 recitanda
1884 2907 1960 2953 esse
1983 2884 2182 2965 duxerunt,
2216 2882 2330 2953 multo

295 2999 390 3057 rent.
441 2983 482 3055 ln
497 2981 565 3055 hac
580 2998 683 3076 parte
696 2981 789 3054 nihil
804 2998 981 3057 mutatum
999 2998 1064 3056 est.
1113 2986 1206 3056 Nam
1222 2984 1289 3055 mi-
1340 2984 1456 3076 magis
1483 2985 1651 3057 coelestes
1685 2985 1962 3077 significationes
1993 2986 2332 3055 commemorandae

295 3089 412 3161 titiam
443 3111 552 3157 nemo
578 3089 818 3168 detrectabat;
851 3089 1004 3158 libenter
1031 3087 1127 3157 enim
1157 3086 1290 3178 singuli
1339 3100 1444 3170 sunt,
1470 3111 1563 3180 quae
1577 3087 1697 3158 minus
1708 3100 1793 3159 sunt
1807 3089 1979 3159 obscurae
1993 3088 2179 3180 prodigiis.

294 3190 371 3265 suis
393 3188 571 3281 stipendia
593 3190 714 3286 daturi
735 3203 850 3263 erant.
902 3190 972 3260 Sed
989 3203 1132 3282 praeter
1146 3185 1235 3261 haec
1250 3188 1289 3259 in
1442 3189 1518 3267 Nec
1540 3213 1628 3259 vero
1651 3191 1799 3272 dubito,
1835 3192 1925 3284 quin
1951 3191 2050 3261 docti
2075 3204 2112 3260 et
2137 3192 2332 3282 prudentes

295 3292 453 3366 bruun
483 3306 560 3363 erat
586 3316 722 3364 novum
746 3291 873 3364 tributi
894 3316 1025 3384 genus,
1058 3305 1098 3363 ut
1120 3291 1290 3385 Episcopi
1341 3315 1461 3364 meum
1485 3293 1673 3365 consilium
1698 3317 1917 3387 magnopere
1931 3294 2118 3387 probaturi
2132 3294 2223 3378 sint,
2248 3317 2333 3385 pro·

298 3411 335 3468 et
349 3395 561 3467 Sacerdotes
574 3396 780 3467 deciderent
794 3398 840 3465 de
855 3395 929 3468 suis
944 3397 1117 3481 reditibus
1132 3396 1290 3467 decimas
1340 3408 1466 3489 pterea
1495 3398 1613 3490 quod,
1655 3419 1748 3490 quae
1777 3397 1832 3470 vis
1856 3398 1904 3468 sit
1928 3398 2229 3488 significationum
2252 3421 2332 3467 coe-

297 3500 535 3572 ronferendas
568 3499 609 3568 in
640 3498 724 3568 belli
756 3511 917 3581 sumtus,
948 3499 1080 3593 reliqui
1105 3499 1290 3590 Principes
1341 3498 1504 3584 lestium,
1536 3511 1573 3568 et
1601 3522 1693 3592 quae
1723 3501 1810 3570 fides
1840 3500 1888 3569 sit
1916 3498 2004 3572 artis
2021 3499 2138 3582 illius,
2173 3521 2268 3593 quae
2287 3501 2331 3570 de

297 3600 497 3684 vicesimas.
1039 3627 1042 3632 ·
1343 3601 1526 3672 effectibus
1554 3600 1711 3674 siderum
1733 3600 1929 3693 praecipit,
1956 3602 2113 3672 maxime
2135 3601 2174 3672 in
2202 3602 2333 3673 talibus

401 3702 457 3773 De
473 3700 541 3772 hac
555 3726 649 3771 nova
666 3703 791 3774 tributi
805 3704 960 3773 formula
974 3705 1172 3776 sententiae
1186 3702 1291 3774 Prin·
1340 3703 1514 3794 exemplis
1535 3702 1691 3795 perspici
1706 3715 1835 3795 potest.
1887 3703 2007 3796 Quam
2023 3705 2071 3774 ob
2088 3728 2230 3775 causam
2248 3705 2334 3774 Pto·

299 3807 420 3899 cipum
443 3805 645 3894 variabant.
695 3804 811 3874 Erant
832 3806 948 3890 enim,
976 3806 1037 3900 qui
1059 3806 1216 3897 libertati
1232 3830 1292 3874 ve·
1341 3808 1501 3877 lemaeus
1528 3806 1627 3877 testis
1653 3819 1727 3891 est,
1763 3807 1958 3900 Aegyptios
1980 3802 2146 3879 babuisse
2169 3808 2334 3880 vetustis·

300 3908 369 3981 teri
385 3907 623 4000 periculosam
640 3931 714 3978 esse
734 3909 923 3978 ducebant.
972 3908 1042 3979 Sed
1059 3934 1100 3979 ea
1116 3921 1292 3978 erattunc
1343 3909 1433 3980 sima
1452 3908 1659 3992 volumina,
1684 3910 1723 3977 in
1742 3910 1872 4004 quibus
1886 3908 2125 4001 plurimorum
2143 3910 2283 4003 Regum
2300 3923 2336 3981 et

301 4011 447 4107 quidem
472 4010 630 4101 gravitas
654 4022 690 4078 et
711 4010 921 4103 Principum
943 4012 1077 4095 virtus,
1119 4025 1159 4083 ut
1180 4011 1292 4103 impe·
1343 4010 1498 4081 aliorum
1515 4011 1774 4101 praestantium
1789 4012 1952 4082 virorum
1966 4014 2170 4083 nonsolnm
2191 4037 2336 4104 geneses

301 4115 378 4184 dire
405 4114 539 4184 bellum
565 4113 716 4203 privatis
741 4114 834 4204 curis
858 4125 920 4183 aut
944 4114 1133 4184 affectibus·
1157 4137 1293 4207 nequa·
1344 4113 1543 4204 descriptae
1565 4114 1730 4198 fuerunt,
1763 4115 1952 4185 sedetiam
1978 4115 2114 4184 adiecta
2142 4115 2272 4184 iudicia
2301 4128 2336 4185 et

301 4240 410 4313 quam
435 4215 628 4286 voluerint.
680 4212 804 4308 ltaque
829 4215 892 4285 etsi
918 4217 961 4284 de
986 4211 1055 4285 hac
1075 4217 1200 4287 tributi
1220 4218 1293 4285 for·
1344 4212 1517 4287 historiae
1530 4229 1736 4300 eventuum,
1763 4218 1808 4287 ut'
1817 4217 2007 4307 posteritas
2022 4229 2158 4286 teneret
2174 4219 2335 4310 exempla

300 4320 399 4389 mula
416 4318 676 4401 dissenserant,
702 4330 824 4387 tamen
837 4318 957 4388 statim
973 4319 1142 4389 convenit
1156 4320 1227 4403 ita,
1252 4331 1294 4392 ut
1346 4318 1638 4391 observationum
1664 4318 1881 4390 coelestium.
1930 4318 1982 4388 Ac
1998 4319 2029 4389 si
2047 4319 2103 4388 vir
2120 4320 2338 4412 sapientissi-

302 4432 439 4492 certum
454 4444 646 4492 numerum
660 4420 822 4515 equitum
838 4433 874 4490 et
888 4417 1049 4513 peditum
1064 4420 1196 4515 singuli
1212 4421 1294 4492 mit-
1346 4447 1426 4494 mus
1458 4420 1682 4512 Pomponius
1707 4421 1848 4493 Atticus
1879 4446 1902 4490 a
1926 4417 2122 4494 Plutarcho
2156 4423 2337 4507 laudatur,

302 4534 442 4605 terent,
467 4535 502 4598 et
522 4519 578 4594 his
590 4523 769 4614 stipendia
785 4523 966 4593 solverent
982 4525 1063 4616 ipsi.
1345 4526 1446 4620 quod
1460 4524 1652 4615 Astrologo
1665 4524 1820 4595 Tarutio
1837 4527 2046 4595 mandatum
2063 4525 2204 4595 dederit
2220 4525 2339 4621 inqui»

407 4623 546 4694 Deinde
570 4640 611 4696 ut
634 4626 768 4696 tributa
790 4625 920 4717 singuli
944 4626 1142 4697 indicerent
1162 4627 1201 4694 in
1222 4626 1295 4697 suis
1345 4626 1453 4697 rendi
1466 4628 1611 4718 genesin
1625 4626 1794 4712 Romuli,
1819 4651 1927 4719 spero
1940 4652 2057 4698 meam
2073 4630 2112 4698 in
2124 4624 2195 4698 hoc
2209 4653 2338 4720 genere

300 4726 503 4798 ditionibus
519 4752 585 4819 pro
601 4729 810 4799 facultatum
829 4730 951 4811 modo,
972 4754 1086 4824 eaque
1104 4730 1150 4798 ad
1168 4727 1296 4799 Caesa·
1348 4729 1572 4821 diligentiam
1588 4730 1694 4799 etiam
1712 4733 1757 4799 ad
1775 4730 2020 4822 posteritatem
2037 4744 2177 4823 gratam
2196 4733 2287 4802 fore.

303 4854 380 4901 rem
405 4830 616 4900 retulerunt.
669 4831 743 4925 Qui
770 4831 979 4903 collaudatis
1001 4831 1212 4923 Principum
1233 4854 1297 4900 vo-
1451 4831 1640 4902 Postremo
1664 4832 1774 4923 ipsius
1791 4832 2031 4903 Maximiliani
2050 4828 2185 4902 honori
2201 4829 2271 4904 hoc
2287 4837 2341 4903 of·
2449 4881 2454 4890 -

303 4932 516 5017 luntatibus‚
543 4935 689 5002 tandem
704 4936 748 5003 de
765 4934 900 5003 tributo
917 4934 1086 5018 decrevit,
1112 4946 1153 5004 ut
1166 4933 1296 5025 singuli
1341 4934 1469 5010 licium
1493 4934 1712 5018 tribuamus,
1745 4959 1851 5029 quem
1877 4934 2007 5006 scimus
2022 4930 2088 5006 has
2105 4936 2340 5027 pulcerrimas

222 5103 227 5125 ,
305 5059 388 5104 cum
395 5034 442 5129 ,jn
457 5059 541 5106 suas
556 5036 711 5107 ditiones
725 5036 916 5121 redissent,
942 5037 1093 5108 subditis
1109 5036 1297 5107 consilium
1350 5050 1445 5107 artes
1468 5061 1543 5106 non
1564 5037 1688 5131 solnm,
1700 5062 1856 5122 amasse,
1882 5040 1943 5107 sed
1961 5038 2069 5107 etiam
2089 5040 2271 5129 praeclare
2286 5040 2341 5108 in-

304 5148 343 5208 et
356 5137 579 5207 voluntatem
599 5137 760 5210 Caesaris
774 5154 1040 5232 proponerent,
1066 5152 1101 5209 ct
1115 5163 1154 5208 re
1167 5140 1311 5209 delibe·'
1350 5139 1545 5223 tellexisse,
1572 5163 1613 5209 ac
1636 5139 1809 5210 iudicasse
1832 5164 1955 5209 earum
1971 5142 2212 5232 cognitionem
2228 5145 2341 5235 inpri-

305 5251 408 5322 rata,
435 5252 556 5310 tantae
580 5242 744 5333 publicae
761 5242 924 5313 utilitatis
939 5268 1064 5327 causa,
1092 5242 1227 5312 tributa
1246 5242 1300 5310 in·
1350 5242 1421 5312 mis
1436 5243 1581 5333 dignam
1595 5241 1816 5334 principibus
1832 5241 1931 5327 viris,
1955 5256 1991 5314 et
2006 5246 2051 5313 ad
2066 5245 2198 5315 multos
2212 5245 2251 5315 in
2268 5245 2341 5313 vita

304 5340 483 5412 dicerent.
524 5342 572 5412 Et
587 5345 671 5438 quia
688 5356 801 5413 totam
815 5345 1110 5416 deliberationem
1126 5347 1170 5414 de
1190 5367 1301 5436 appa·
1353 5368 1454 5415 casus
1471 5345 1722 5435 gubernandos
1738 5346 1861 5415 utilem
1878 5369 1964 5416 esse.

306 5456 393 5515 ratu
414 5444 499 5514 belli
524 5458 606 5516 ante
630 5447 835 5540 proximum
859 5471 923 5517 ver
939 5448 1062 5540 perfici
1078 5446 1213 5530 voluit,
1239 5448 1302 5516 ad·
1359 5522 1366 5536 ,
1456 5445 1570 5519 Natus
1586 5460 1638 5517 est
1652 5446 1920 5518 Maximilianus
1934 5447 1973 5516 in
1988 5446 2091 5519 Nova
2111 5448 2253 5520 civitate
2269 5448 2343 5518 Au·

307 5545 404 5618 didit
426 5547 628 5633 decretum,
655 5573 693 5621 se
708 5548 872 5642 proxima
891 5545 1019 5645 hyeme
1035 5552 1073 5620 in
1089 5544 1303 5643 Epiphaniis
1353 5550 1462 5621 striae
1477 5547 1535 5620 Xl.
1553 5547 1629 5620 Cal.
1643 5554 1731 5643 hpr.
1754 5546 1844 5621 bora
1868 5550 1972 5620 tertia
1993 5575 2013 5619 a
2039 5552 2209 5634 meridie,
2233 5554 2341 5622 Anno

309 5649 444 5720 iterum
480 5664 644 5721 acturum
677 5676 753 5723 esse
783 5665 1019 5739 conventum,
1056 5654 1104 5723 ad
1129 5676 1236 5748 quem
1263 5664 1305 5723 ut
1355 5649 1651 5735 boccourt,
1683 5653 1822 5749 fuitque
1839 5653 1877 5722 in
1893 5649 2117 5746 horoscopo,
2143 5678 2204 5724 seu
2222 5675 2342 5722 ascen-

310 5749 501 5846 Principes
525 5754 697 5825 afferrent
710 5753 905 5824 formulam
929 5767 965 5825 et
987 5758 1136 5827 modum
1152 5755 1304 5826 tributo·
1345 5757 1464 5840 dens,
1494 5767 1643 5850 quartus
1659 5757 1790 5849 gradus
1805 5756 1984 5849 Virginis,
2010 5758 2106 5827 uude
2130 5752 2248 5846 colligi
2261 5753 2347 5824 reli·

312 5875 396 5926 rum
412 5857 613 5942 mandavit,
638 5881 685 5929 ne
699 5856 738 5928 in
752 5879 854 5928 mora
871 5869 989 5930 cuent
999 5858 1132 5930 &hum
1146 5869 1305 5930 motura.
1357 5879 1513 5954 φηωηι
1526 5859 1720 5931 domorum
1739 5858 1947 5931 constitutio
1960 5858 2062 5928 facile
2077 5869 2204 5949 potest.

1849 5955 1933 6032 ω*
