5534 6700
490 637 568 714 748

490 809 546 881 Bo
594 808 750 902 Quidam
768 801 879 874 homo
894 826 970 872 non
987 818 1040 875 εει
1053 807 1164 898 lapis,

493 935 554 985 car
596 909 725 980 Omnis
741 903 853 976 homo
870 917 923 975 est
935 907 1089 991 animal,
1113 932 1198 998 ergo

493 1015 541 1083 do
595 1010 787 1104 Quoddam
804 1007 937 1076 animal
953 1031 1029 1078 non
1046 1021 1098 1079 est
1113 1010 1216 1101 lapis.

491 1146 541 1216 Fe
592 1143 720 1215 Nullus
734 1137 845 1210 homo
864 1151 916 1209 est
930 1140 1041 1232 lapis,

491 1247 542 1316 ris
595 1245 752 1338 Quidam
768 1238 879 1312 homo
895 1253 947 1311 est
961 1242 1114 1326 animal,
1139 1265 1223 1332 ergo

493 1372 540 1418 ou
597 1347 789 1440 Quoddam
805 1344 939 1412 animal
955 1368 1030 1413 non
1045 1356 1097 1414 est
1109 1344 1212 1434 lapis.

491 1484 610 1574 Atque
634 1478 700 1548 hae
725 1491 808 1549 snnt
829 1479 1116 1570 syllogismorum
1143 1480 1295 1570 figurae,
1327 1502 1479 1572 quarum

492 1583 630 1653 duabus
639 1594 733 1650 recte
744 1581 795 1649 uti
803 1603 929 1674 queas;
949 1580 1090 1649 tertiam
1108 1579 1292 1670 repudiari
1307 1581 1411 1651 velim
1421 1577 1481 1676 ⁸⁸).

492 1683 679 1778 Quidquid
716 1693 1009 1771 argumentorum
1045 1683 1082 1749 in
1112 1677 1290 1750 rhetorica
1323 1677 1480 1752 themata

492 1786 679 1873 inciderit,
701 1784 844 1874 colliges
860 1785 1118 1876 concludesque
1135 1783 1172 1850 in
1191 1783 1387 1875 syllogismi
1409 1785 1481 1852 lor-

492 1913 608 1974 mam,
647 1899 688 1957 ut
715 1886 788 1953 vim
820 1885 1039 1974 argumenti,
1079 1887 1202 1976 probis
1224 1884 1483 1976 circumscripti

492 1988 676 2074 formulis,
702 1999 800 2056 certo
819 1983 1113 2078 comprehendas.
1153 1987 1257 2058 Nunc
1273 1990 1317 2057 de
1335 1987 1482 2082 reliquis

494 2088 770 2182 argumentandi
782 2089 928 2174 lormis,
955 2114 1045 2183 quas
1059 2091 1170 2158 ferme
1186 2089 1306 2158 licebit
1320 2089 1357 2157 in
1375 2091 1482 2182 syllo-

493 2193 625 2284 gismos
658 2204 882 2275 convertere,
910 2204 945 2259 ει
972 2192 1017 2259 ad
1047 2191 1243 2285 syllogismi
1265 2204 1481 2262 structuram

496 2319 560 2364 ceu
575 2293 734 2385 regulam
752 2294 903 2383 exigere.

766 2458 829 2529 De
861 2455 1209 2573 enthymemate.

598 2597 872 2669 Observandum
895 2609 947 2667 est
968 2611 1149 2684 accurate,
1175 2599 1272 2690 quod
1295 2598 1483 2668 admonui·

494 2726 574 2772 mus
597 2724 703 2792 supra
728 2701 771 2767 de
787 2699 1014 2792 syllogismo,
1040 2711 1079 2767 ut
1094 2698 1286 2769 dialecticis
1303 2723 1382 2769 cum
1402 2695 1481 2768 rhe-

494 2805 633 2874 toribus
648 2801 851 2872 conveniat.
901 2798 1038 2869 Eadem
1059 2800 1154 2869 enim
1179 2801 1272 2869 ratio
1294 2824 1483 2891 argumen-

493 2906 595 2975 tandi
619 2905 715 2996 apud
737 2898 900 2972 rhetores
913 2914 948 2970 et
964 2902 1167 2973 dialecticos
1187 2915 1257 2988 est,
1286 2905 1482 2997 eademque

494 3019 788 3097 argumentorum
804 3015 1002 3088 structura,
1028 3004 1115 3089 nisi,
1138 3006 1236 3098 quod
1254 3005 1386 3074 certior
1407 3006 1483 3072 dia·

494 3108 637 3192 lectica,
670 3106 818 3174 liberior
847 3098 1026 3172 rhetorica
1059 3117 1152 3188 est..
1191 3105 1332 3197 Quare,
1374 3131 1481 3198 quem

495 3205 670 3297 dialectici
692 3206 935 3301 syllogismum
955 3219 1101 3292 vocant,
1127 3206 1241 3276 tribus
1257 3207 1404 3278 vocibus
1421 3221 1484 3278 aut

494 3311 634 3382 duobus
649 3307 891 3401 pronuntiatis
910 3307 1091 3377 collectam
1114 3309 1398 3394 conclusionem,
1426 3309 1483 3381 Ci-

495 3437 576 3483 cero
594 3411 906 3483 ratiocinationem
926 3412 1045 3496 voc‘at,
1072 3410 1316 3504 Quintilianus
1331 3407 1482 3503 Epiche-

493 3541 612 3595 rema;
651 3513 770 3586 sedin
795 3512 1086 3598 ratiocinatione,
1120 3537 1182 3582 seu
1210 3508 1482 3605 epicheremate,

493 3630 637 3711 praeter
660 3615 831 3708 simplicis
853 3616 1041 3710 brevisque
1063 3615 1259 3708 syllogismi
1282 3628 1418 3708 partes,
1461 3641 1480 3685 a

493 3711 697 3789 rhetoribus
713 3715 943 3810 probationes
958 3717 1273 3808 pronuntiatorum
1289 3740 1482 3787 numeran-

494 3831 565 3891 tur.
617 3816 665 3887 Et
684 3819 778 3886 inter
793 3818 1035 3910 syllogismum
1060 3832 1095 3886 et
1118 3814 1340 3910 epicherema
1365 3817 1482 3912 (quod

495 3919 620 3991 Cicero
651 3917 961 3988 ratiocinationem
995 3926 1115 4010 vocat)
1149 3920 1319 3991 interesse
1349 3920 1482 3992 Fabius

495 4036 630 4107 censet,
658 4023 754 4115 quod
774 4021 997 4112 syllogismus
1020 4033 1156 4090 constet
1181 4024 1385 4094 necessariis
1409 4047 1482 4092 cer-

494 4126 611 4219 tisque
644 4122 905 4215 pronuntiatis,
953 4118 1188 4210 Epicherema
1225 4127 1481 4211 probabilibus.

493 4228 604 4321 Atqui
619 4223 687 4296 hoc
703 4223 873 4293 materiae
890 4223 1081 4293 discrimen
1097 4236 1159 4293 est.
1212 4224 1318 4316 Quod
1343 4228 1388 4296 ad
1409 4230 1481 4295 for·

493 4354 589 4399 mam
615 4342 651 4398 et
672 4341 886 4399 structuram
911 4326 1038 4394 attinet
1060 4321 1350 4418 epicherematis,
1375 4330 1481 4419 plane

493 4432 607 4502 sciant
623 4430 792 4513 studiosi,
818 4428 911 4496 idem
937 4452 1010 4498 esse
1026 4422 1264 4519 Epicherema
1285 4454 1348 4499 seu
1370 4429 1481 4499 ratio·

495 4534 711 4602 cinationem
729 4527 944 4614 rhetoribus,
971 4532 1067 4622 quod
1083 4529 1308 4624 syllogismus
1323 4530 1481 4602 dialecti·

494 4637 543 4706 cis
564 4649 627 4705 est.
679 4634 786 4727 Quod
804 4631 867 4725 qui
884 4631 1142 4717 observaverit,
1168 4632 1270 4701 facile
1293 4633 1482 4725 explicabit

495 4738 677 4807 Ciceronis
688 4750 723 4804 et
731 4733 945 4828 Quintiliani
958 4734 1055 4804 locos
1065 4736 1110 4803 de
1127 4736 1478 4824 argumentationum

494 4840 629 4911 formis.
682 4838 889 4921 Caeterum,
916 4849 955 4905 ut
970 4830 1039 4904 hoc
1063 4838 1179 4904 obiter
1202 4841 1388 4922 adnotem,
1418 4862 1480 4905 vo-

496 4943 657 5010 cabulum
681 4938 904 5033 epicherema
920 4937 1049 5007 Graeci
1064 4962 1130 5029 pro
1148 4961 1361 5033 quocunque
1375 4963 1479 5030 argu-

373 5117 375 5120 ,
494 5055 617 5111 mento
647 5042 885 5111 communiter
914 5052 1106 5131 usurpant,
1143 5039 1412 5135 significatque,
1440 5054 1480 5110 ut

496 5155 630 5212 veteres
644 5140 901 5234 exposuerunt,
929 5145 1202 5233 aggressionem,
1228 5138 1296 5210 hoc
1313 5156 1375 5229 est,
1401 5167 1479 5212 sen-

494 5245 661 5329 tentiam,
687 5270 755 5337 qua
780 5246 984 5330 adorimur,
1011 5257 1073 5314 aut
1097 5243 1324 5335 aggredimur
1346 5267 1478 5337 propo·

492 5350 599 5419 situm
631 5340 772 5431 thema,
809 5371 870 5417 seu
894 5348 1169 5417 conclusionem.
1227 5345 1356 5417 Omnis
1380 5348 1477 5416 enim

493 5448 673 5519 conclusio
689 5462 740 5519 est
757 5444 875 5517 thema
893 5451 1130 5540 probandum.
1163 5448 1377 5541 Syllogismo
1395 5474 1478 5541 pro·

490 5552 626 5624 ximum
652 5563 722 5637 est,
748 5553 844 5644 quod
864 5547 1099 5643 Enthymema
1124 5564 1274 5635 vocant,
1302 5575 1476 5646 quocum

523 5755 573 5813 6³)
590 5757 692 5872 Ι,Ιιειιιιοι
712 5766 815 5818 marga
844 5752 920 5801 Duae
938 5754 1043 5802 notun
1066 5752 1173 5815 ugerae
1196 5753 1362 5817 probentur,
1392 5750 1478 5801 tertis

558 5836 587 5872 re
609 5836 626 5874 o
649 5836 692 5874 or.

1009 632 1135 708 Pffll..
1161 635 1274 708 unt..
1299 632 1503 706 scalpra
1527 631 1659 704 vtuss
1683 622 1987 708 ARGUMEN'H.

2449 635 2530 713 ⁷44

1501 805 1723 875 ¹dialecticis
1758 806 1864 896 plane
1900 804 2068 873 convenit
2101 802 2323 893 rhetoribus,
2368 811 2526 882 eandem

1531 909 1625 976 enim
1645 911 1937 998 argumentorum
1954 909 2120 991 formam,
2145 909 2346 1001 eodemque
2360 913 2524 1002 nomine,

1532 1005 1779 1101 enthymema,
1818 1022 1853 1078 et
1883 1005 2063 1095 rhetores,
2105 1021 2140 1078 et
2170 1008 2346 1079 dialectici
2378 1029 2523 1087 vocant.

1530 1109 1594 1181 Est
1623 1123 1742 1180 autem
1773 1107 1999 1204 enthymema
2032 1111 2260 1202 imperfectus
2282 1113 2523 1206 syllogismus,

1531 1207 1598 1282 hoc
1617 1224 1686 1298 est,
1711 1225 1774 1281 aut
1791 1213 1906 1281 maior
1922 1236 2002 1282 cum
2025 1214 2271 1298 conclusione,
2297 1229 2358 1298 ut,
2384 1217 2524 1292 Omnes

1532 1314 1692 1383 civitates
1715 1317 1816 1384 decet
1837 1313 1973 1404 legibus
1997 1315 2229 1387 constituere:
2272 1314 2436 1393 Athenas
2460 1321 2523 1413 igi·

1532 1428 1591 1485 tur
1612 1417 1713 1485 decet
1735 1415 1870 1506 legibus
1895 1416 2121 1486 constituere.
2185 1419 2305 1512 Atque
2336 1415 2394 1490 hic
2422 1425 2523 1498 vides

1533 1516 1701 1588 omissam
1737 1519 1927 1588 minorem.
1998 1519 2072 1588 Aut
2108 1518 2228 1589 minor
2261 1545 2343 1591 cum
2376 1527 2519 1596 conclu·

1532 1619 1653 1705 sione,
1678 1630 1735 1706 ut,
1760 1618 1876 1690 Nemo
1898 1621 1990 1689 male
2015 1621 2068 1690 uti
2090 1620 2222 1691 virtute
2245 1636 2382 1714 potest:
2414 1625 2520 1697 Bona

1533 1720 1641 1812 igitur
1658 1720 1771 1790 virtus
1795 1735 1857 1791 est.
1910 1721 1976 1790 llic
1998 1722 2127 1793 omissa
2152 1725 2269 1795 maior
2291 1739 2362 1795 est:
2395 1725 2437 1798 ld
2458 1731 2523 1799 ho·

1533 1845 1619 1892 num
1636 1846 1730 1906 esse,
1756 1847 1827 1916 quo
1845 1846 1951 1892 nemo
1975 1825 2067 1895 male
2092 1825 2144 1894 uti
2166 1838 2295 1916 potest.
2347 1828 2523 1903 Absolves

1533 1923 1642 2016 igitur
1659 1919 1906 2016 enthymema,
1939 1926 2074 1994 adiecta
2098 1939 2161 1995 ant
2185 1928 2341 2016 maiore,
2373 1947 2439 2002 aut
2458 1936 2525 2002 mi-

1533 2049 1622 2095 nore
1637 2026 1894 2117 propositione.
1945 2026 2037 2098 Nam
2056 2040 2134 2098 utra
2152 2029 2254 2116 desit,
2279 2032 2355 2124 ipse
2369 2049 2524 2107 naturae

1533 2151 1656 2200 sensus
1677 2127 1829 2215 indicat,
1854 2141 1890 2197 et
1913 2132 2105 2199 exercenda
2130 2143 2183 2201 est
2202 2132 2379 2206 iuventus.
2431 2138 2526 2207 Par·

1534 2243 1586 2299 tes
1605 2225 1880 2322 enthymematis
1894 2230 2081 2318 dicuntur,
2114 2237 2346 2323 antecedens,
2376 2251 2412 2306 ει
2437 2263 2526 2308 cou-

1534 2354 1695 2426 sequens.
1744 2331 1850 2424 Quod
1867 2332 1898 2402 si
1920 2333 1957 2401 in
1979 2335 2209 2407 antecedente
2229 2350 2266 2408 ει
2282 2353 2525 2435 consequente

1534 2432 1628 2503 idem
1647 2445 1700 2502 εει
1715 2434 1932 2519 subiectum,
1957 2437 2056 2506 deest
2072 2437 2208 2524 maior,
2234 2453 2293 2510 ut:

1687 2533 1834 2608 Clodius
1850 2535 2037 2607 insidiator
2051 2549 2122 2625 est,
2149 2562 2235 2631 ergo

1688 2636 1834 2708 Clodius
1850 2639 1932 2708 iure
1943 2662 2063 2710 caesus
2078 2652 2141 2713 est.

1534 2734 1664 2808 Deesse
1686 2741 1859 2810 maiorem
1881 2739 1996 2809 vides:
2029 2737 2109 2810 lure
2133 2743 2324 2814 insidiator
2345 2758 2386 2815 nt
2409 2742 2528 2818 hostis

1535 2840 1719 2912 occiditur.
1761 2842 1870 2936 Quod
1882 2844 1914 2914 si
1931 2843 1968 2910 in
1985 2845 2214 2915 antecedente
2231 2858 2267 2915 et
2281 2860 2528 2941 consequente

1535 2939 1627 3010 idem
1657 2945 1901 3034 praedicatum
1924 2955 1992 3028 est,
2018 2945 2258 3033 deestminor,
2286 2961 2344 3032 ut,
2371 2947 2528 3020 lusidia-

1534 3059 1592 3116 tor
1613 3059 1654 3114 ut
1679 3041 1790 3116 hostis
1819 3046 1896 3115 iure
1917 3045 2108 3129 occiditur,
2141 3047 2285 3118 Clodius
2305 3049 2418 3138 igitur
2442 3052 2527 3120 iure

1535 3172 1655 3218 caesus
1678 3144 1798 3246 est“).

1635 3247 1683 3318 Et
1711 3250 1748 3318 in
1777 3245 1873 3319 hunc
1900 3252 2047 3319 modum
2077 3249 2261 3321 mutilatus
2281 3249 2524 3343 syllogismus,

1532 3352 1648 3420 forma
1673 3365 1725 3422 est
1747 3345 2033 3444 enthymematis.
2090 3351 2334 3447 Quintilianus
2359 3353 2460 3424 aliud
2482 3377 2523 3426 es

1534 3455 1774 3546 pugnantibus
1796 3454 1915 3536 duxit,
1940 3454 2036 3525 aliud
2053 3478 2095 3525 ex
2112 3456 2430 3549 consequentibus,
2457 3468 2523 3526 etc.

1534 3579 1626 3650 quae
1651 3555 1779 3626 divisio
1797 3579 1871 3624 non
1887 3557 1933 3625 ad
1949 3556 2101 3626 sormam
2119 3543 2396 3649 enthymematis
2410 3558 2522 3649 perti-

1533 3658 1660 3741 nebat,
1684 3658 1746 3729 sed
1768 3661 1815 3727 ad
1837 3657 1953 3740 locos,
1985 3660 2080 3729 unde
2104 3659 2267 3729 omnium
2292 3672 2522 3750 argumento·

1534 3784 1613 3832 rum
1634 3760 1800 3830 materies
1820 3760 1963 3851 petitur.
2015 3758 2090 3830 lam
2115 3761 2320 3854 syllogismo
2340 3762 2376 3830 in
2396 3760 2522 3844 certis,

1533 3875 1688 3956 etquae
1712 3862 1864 3931 convelli
1894 3886 1968 3932 non
1999 3876 2150 3954 possunt
2180 3864 2356 3946 crebrius,
2388 3859 2522 3954 euthy-

1534 3977 1687 4036 memate
1704 3964 1925 4057 [sequentius
1940 3962 1977 4033 in
1995 3965 2240 4057 probabilibus
2262 3966 2422 4048 utimur,
2447 3990 2522 4059 quo

1532 4067 1590 4150 fit,
1626 4078 1668 4137 ut
1699 4066 1873 4136 familiare
1903 4066 1950 4137 sit
1982 4068 2116 4158 poetis,
2141 4068 2191 4137 sic
2223 4069 2319 4159 apud
2345 4066 2520 4138 Ovidium

1534 4168 1663 4239 omissa
1695 4168 1834 4238 minore
1866 4169 2082 4261 syllogismi,
2112 4164 2344 4263 enthymema
2371 4183 2448 4253 est,
2482 4194 2521 4239 es

1534 4270 1670 4340 maiore
1689 4283 1724 4339 et
1740 4271 1982 4342 conclusione:

1533 4370 1689 4465 Quando
1715 4397 1780 4463 ego
1803 4397 1877 4441 non
1900 4373 2005 4444 timui
2031 4375 2195 4465 graviora
2220 4373 2384 4464 pericula
2407 4370 2518 4444 veris?

1581 4472 1654 4546 Res
1670 4489 1722 4545 εει
1736 4473 1877 4544 solliciti
1892 4476 1999 4567 plena
2013 4474 2154 4546 timoris
2171 4474 2344 4573 amor“).

1531 4596 1754 4664 Arstecedens
1779 4594 1874 4662 enim
1906 4608 1979 4679 est,
2014 4617 2173 4663 amorem
2203 4594 2346 4664 solliciti
2383 4593 2515 4663 timoris

1532 4700 1676 4791 plenum
1700 4720 1793 4778 esse,
1818 4697 2067 4791 consequitur,
2093 4722 2131 4766 se
2147 4696 2329 4779 timuisse,
2358 4696 2418 4767 vel
2431 4718 2514 4789 qnae

1530 4800 1607 4870 lieri
1630 4822 1705 4867 non
1728 4811 1885 4888 possent.
1935 4798 2016 4883 Est,
2043 4799 2102 4867 ubi
2127 4812 2267 4868 constat
2287 4794 2513 4892 enthymema

1531 4928 1572 4972 ex
1588 4902 1729 4971 minore
1745 4912 1781 4968 et
1800 4901 2048 4983 conclusione,
2068 4914 2125 4970 ut:

1530 5004 1746 5097 Quaeritur,
1772 4998 1960 5093 Aegisthus
1978 5026 2089 5094 quare
2105 5001 2151 5072 sit
2164 5004 2278 5073 sactus
2293 5003 2452 5074 adulter.

1578 5102 1619 5174 ln
1634 5118 1805 5198 promptu
1821 5127 1942 5175 caussa
1958 5117 2029 5174 est:
2055 5106 2253 5176 desidiosus
2267 5103 2422 5201 erat⁸¹).

1528 5224 1646 5318 Atque
1665 5236 1705 5295 nt
1725 5224 1763 5292 in
1787 5222 1909 5317 priore
1929 5224 2083 5295 formula
2111 5226 2190 5318 plns
2213 5237 2265 5295 est
2284 5226 2447 5310 virium,
2471 5224 2509 5291 its

1529 5327 1566 5396 in
1590 5326 1786 5418 posteriore
1808 5328 1888 5417 'plus
1911 5339 1963 5397 cst
1987 5328 2133 5418 gratiae.
2183 5326 2382 5399 Studiosae
2400 5329 2506 5400 iuven·

1529 5430 1612 5500 tutis
1640 5431 1708 5498 erit
1731 5426 1794 5499 has
1815 5442 2108 5521 argumentorum
2131 5430 2305 5501 formulas
2331 5431 2375 5500 in
2399 5430 2503 5525 poetis,

1528 5555 1732 5569 -uu—n-

1561 5614 1610 5682 64)
1628 5618 1729 5664 annot.
1745 5627 1849 5679 marg:
1868 5616 1944 5668 tlsec
1956 5618 2079 5680 exempta
2096 5616 2235 5681 pertinent
2250 5617 2287 5668 sd
2308 5620 2433 5680 prinu
2447 5618 2507 5681 lo-

1596 5694 1654 5733 ran
1674 5683 1911 5747 syllogismorum.

1562 5750 1610 5815 65)
1631 5750 1708 5801 ovid.
1728 5752 1815 5812 ltplst.
1829 5753 1852 5815 1,
1867 5755 1894 5799 11
1909 5766 1951 5815 sq.

1560 5820 1608 5884 σε)
1628 5819 1705 5872 ovid.
1725 5820 1834 5870 Reneu.
1853 5830 1908 5875 su.
1928 5820 1973 5870 161
1988 5834 2030 5887 sq.
