5534 6700
362 620 437 719 tls

363 786 525 885 inruat
550 778 623 882 ui)
650 778 775 881 uelit
794 777 1008 877 totnonis
1031 777 1192 875 instrum
1216 777 1355 874 peremi

360 898 497 985 greatest·¹
538 883 636 971 Nam
650 876 876 1051 Epipqaniqs
897 880 1083 979 coniungit
1095 879 1354 979 Aegyptiorum

363 970 522 1061 mensem
537 974 629 1082 τυβί
653 1011 731 1054 cum
767 982 936 1083 arruqrio,
963 1007 1120 1051 mensem
1144 979 1249 1079 adop
1275 1007 1354 1051 curn

363 1089 581 1181 Novembri,
603 1111 762 1157 mensem
786 1078 980 1185 φαμενῴθ
1004 1111 1085 1155 cum
1109 1085 1254 1153 Martio.
1307 1082 1355 1152 Et

361 1193 462 1263 Beda
482 1190 637 1261 exactius
659 1178 735 1257 non
758 1180 868 1258 modo
886 1212 1024 1257 menses
1040 1187 1234 1280 Aegyptios
1258 1209 1356 1254 men·

364 1298 460 1368 sibus
481 1291 678 1377 Romanis,
713 1280 776 1360 sed
803 1289 909 1361 etiarn
942 1290 1017 1359 dies
1045 1288 1168 1358 diebus
1200 1288 1356 1379 copulat,

362 1397 520 1487 scribens
536 1393 732 1486 Aegyptios
747 1418 883 1461 annum
901 1387 1085 1461 inchoasse
1100 1415 1120 1458 a
1141 1402 1269 1487 quarto
1290 1388 1355 1458 Ca-

362 1490 486 1589 leqdas
511 1497 748 1593 Septembris,
774 1508 814 1565 ut
839 1493 1026 1563 duodecim
1050 1492 1231 1562 mensibus
1254 1492 1356 1561 trice·

364 1628 431 1673 nos
448 1601 523 1671 dies
541 1599 757 1681 attribuisse,
780 1611 816 1667 et
829 1596 957 1665 ultimo
974 1594 1089 1665 mensi
1107 1594 1265 1689 quinque
1281 1593 1356 1663 dies
1380 1589 1386 1603 '
1423 1620 1425 1624 ·

364 1702 560 1801 quotannis
585 1701 772 1771 addidisse.
832 1699 901 1768 Sed
939 1709 979 1767 ut
1001 1709 1190 1766 manerent
1216 1720 1356 1766 menses

364 1806 445 1890 fixi,
470 1804 598 1901 quinto
615 1827 758 1898 quoque
774 1825 870 1869 anno
885 1825 997 1869 unum
1016 1795 1133 1870 adhuc
1148 1798 1242 1867 diem
1259 1797 1357 1890 prio·

364 1908 464 1979 ribus
481 1907 641 2003 quinque
660 1904 839 1975 adiecisse.
889 1899 953 1972 Est
969 1915 1087 1971 autem
1103 1898 1191 1971 haec
1208 1925 1357 1970 nomen-

366 2010 500 2081 clatura
526 2023 559 2078 ct
583 2008 691 2078 series
706 2005 883 2077 mensium
908 2004 1191 2098 Aegyptiorum,
1218 2006 1262 2074 de
1286 2027 1355 2099 qua

365 2114 502 2183 nullum
520 2123 573 2181 est
587 2111 755 2180 dubium:

469 2211 574 2287 0059.
643 2205 798 2309 Φαωφί.
854 2207 989 2306 Ἀθύρ.
1049 2209 1185 2285 Χοιάκ.
1247 2203 1357 2304 Τυβί.

386 2308 402 2319 ”
417 2312 573 2409 Μεχείρ.
635 2310 845 2407 Φαμενώθ.
910 2308 1132 2411 Φαρμουθί.
1199 2305 1357 2405 Παχών.

419 2413 561 2493 Παϋνὶ.
599 2412 735 2512 Ἐπιφί.
777 2409 947 2508 Μεσορή.

470 2518 545 2590 Hos
560 2544 699 2589 menses
723 2517 830 2587 etiam
856 2518 1013 2587 medicus
1037 2516 1210 2589 excellens
1236 2514 1359 2590 A'etius

366 2624 405 2692 in
429 2624 498 2691 line
525 2620 729 2692 duodecimi
752 2620 836 2691 libri
867 2612 1051 2713 coniungit
1079 2646 1158 2692 cum
1184 2620 1359 2692 Romanis

367 2724 549 2797 mensibus
579 2726 647 2808 sic,
689 2739 729 2794 ut
768 2748 926 2793 mensem
966 2716 1061 2796 θώθ
1099 2726 1240 2817 copulet
1278 2750 1357 2794 curn

367 2827 588 2923 Septembri,
615 2823 747 2924 φαωφί
768 2852 847 2897 cum
865 2824 1033 2911 Octobri,
1061 2841 1095 2896 et
1118 2828 1167 2899 sic
1181 2827 1360 2920 deinceps.

469 2929 523 2999 Ex
547 2926 602 3000 his
627 2930 866 2998 animadverti
889 2941 1025 3020 potest,
1058 2931 1253 3023 Aegyptios
1282 2944 1360 2999 tan-

368 3032 572 3101 demetiam
589 3057 672 3100 usos
687 3030 794 3100 luisse
818 3056 857 3099 ea
882 3031 1022 3099 ratione
1040 3034 1145 3117 anni,
1173 3057 1280 3127 quam
1303 3030 1360 3102 lu·

994 603 1353 705 ADDlTAMENTA
1375 606 1442 677 An
1467 604 1610 681 vom..
1635 605 1760 678 l-X.

2318 609 2394 713 ⁸28

1406 778 1476 871 lips
1489 778 1663 871 instituit,
1691 778 1761 848 nisi
1775 780 1871 870 quod
1897 777 1928 848 is
1942 778 2123 850 mensibus
2139 779 2210 852 suis
2225 781 2396 876 inaequa-

1407 882 1457 951 les
1471 904 1642 952 numeros
1659 881 1797 948 dierum
1815 879 1998 964 attribuit,
2029 906 2074 951 ne
2090 883 2224 972 duplici
2244 883 2396 952 iratcrta·

1408 983 1541 1053 latione
1564 1008 1654 1074 opus
1675 994 1776 1053 esset.
1827 981 1997 1075 Aegyptii
2020 1008 2104 1056 vero
2125 984 2273 1076 singulis
2298 1009 2396 1054 men-

1407 1086 1505 1158 sibus
1539 1087 1694 1155 tricenos
1729 1085 1804 1155 dies
1838 1085 2084 1177 assignarunt,
2127 1099 2163 1161 et
2203 1087 2396 1182 quotannis

1408 1189 1568 1285 quinque
1587 1187 1663 1257 dies
1684 1187 1960 1271 intercalatum,
1985 1201 2021 1257 et
2041 1200 2225 1281 praeterea
2243 1203 2399 1284 quatuor

1409 1291 1512 1360 annis
1540 1289 1745 1386 completis,
1773 1290 1883 1361 alium
1921 1292 2027 1361 etiam
2053 1291 2148 1361 diem
2172 1293 2400 1378 addiderunt,

1409 1394 1594 1463 collectum
1626 1417 1669 1461 ex
1698 1404 1854 1486 quatuor
1883 1392 1955 1463 dioi
1985 1396 2266 1491 quadrantibus,
2299 1397 2399 1465 utin

1409 1495 1533 1567 iisdem
1552 1494 1709 1590 vestigiis
1723 1518 1862 1566 menses
1879 1496 2124 1568 consisterent.

1490 1647 1578 1735 ¹Sed
1612 1659 1659 1719 ut·
1685 1669 1792 1738 supra
1818 1644 1952 1717 dietum
1979 1660 2052 1733 est,
2085 1645 2332 1723 Mathematici
2361 1650 2400 1719 in

1409 1744 1529 1818 schola
1546 1749 1788 1818 Alexandrina
1807 1748 2034 1819 retinuerunt
2048 1774 2184 1822 annum
2202 1752 2399 1847 antiquitus

1409 1864 1633 1944 usurpatum,
1650 1851 1891 1921 continentem
1907 1864 2084 1924 trecentos
2098 1855 2279 1946 sexaginta
2296 1857 2400 1949 quin-

1410 1978 1480 2047 que
1504 1955 1580 2025 dies
1601 1955 1678 2023 sine
1694 1954 1766 2023 ulla
1791 1954 2062 2025 intercalatione
2082 1957 2311 2051 quadrantis,
2339 1959 2402 2052 qui

1409 2069 1569 2146 superest
1585 2058 1630 2124 nd
1645 2056 1898 2147 complendum
1921 2080 2081 2127 annuum
2098 2058 2191 2131 Solis
2213 2060 2401 2131 circuitum

1410 2182 1475 2251 per
1505 2159 1713 2228 Zodiacum.
1773 2159 1882 2252 Quod
1913 2160 2105 2230 discrimen
2136 2163 2399 2233 observandum

1412 2272 1485 2345 est,
1510 2287 1555 2329 ne
1577 2260 1820 2331 existimantes
1843 2286 1863 2329 a
1886 2260 2095 2333 Ptolemaeo
2120 2276 2156 2333 et
2178 2264 2258 2337 aliis
2277 2264 2401 2334 Astro-

1410 2365 1529 2435 nomis
1543 2387 1682 2433 menses
1698 2364 1892 2456 Aegyptios
1912 2366 2001 2436 fixos
2021 2367 2209 2459 usurpari,
2236 2367 2362 2460 procul
2380 2393 2400 2436 a

1412 2490 1496 2537 vero
1519 2468 1736 2538 aberremus.

1513 2623 1619 2696 Nunc
1642 2645 1860 2714 exponemus
1888 2643 2027 2691 menses
2050 2616 2223 2692 hactenus
2246 2644 2402 2693 comme·

1412 2739 1572 2798 moratos
1587 2727 1808 2796 diversarum
1826 2723 1985 2815 gentium
2003 2726 2041 2791 in
2057 2725 2199 2808 tabula,
2220 2736 2401 2794 uteorum

1413 2831 1588 2899 connexio
1604 2855 1684 2900 cum
1701 2827 1851 2900 Iulianis
1867 2825 2049 2899 mensibus
2062 2827 2102 2897 in
2118 2839 2311 2920 conspectu
2326 2850 2401 2899 esse

1413 2946 1531 3027 queat.

1316 3169 1457 3240 Menses

580 3299 739 3370 Romani
910 3299 1041 3371 Rbraei

1220 3303 1445 3373 Macedonici

1652 3305 1759 3376 Attici
1979 3306 2145 3401 Aegyptii

1233 3432 1295 3475 seu
1310 3406 1440 3477 Graeci

867 3506 991 3576 Tebet.

865 3609 983 3678 Sebat.

865 3712 976 3780 Adar.

865 3813 990 3884 Nisan.

866 3913 949 3984 liar.

870 4017 992 4087 Sivan.

867 4115 1041 4191 Tltamus.

834 4251 838 4258 ·
868 4223 937 4292 Ab.

867 4323 961 4393 Etut.

866 4421 1002 4496 Thisri.

865 4525 1095 4598 Marbesvan.

867 4628 1022 4702 Chisleu.

473 4767 548 4838 llos
571 4793 710 4839 menses
731 4770 778 4836 ita
804 4767 842 4835 in
876 4765 1091 4838 Calendario
1114 4767 1361 4849 inscribemus,

370 4883 412 4941 ut
432 4868 580 4963 singulis
610 4872 735 4941 diebus
768 4871 945 4941 mensium
968 4870 1217 4939 Romanorum
1248 4893 1358 4938 unam

370 4974 547 5068 pagellam
580 4999 713 5042 vacuae
736 4970 879 5042 chartae
907 4972 1127 5056 tribuamus,
1160 4985 1200 5041 ut
1220 4972 1250 5040 si
1273 4970 1360 5066 quid

370 5073 493 5180 postea
516 5077 714 5172 legentibus
737 5088 864 5146 notatu
896 5074 1043 5170 dignum
1070 5074 1283 5157 occurrerit,
1310 5074 1360 5143 ibi

369 5175 506 5272 tlgutsfl
521 5178 646 5271 possit·

473 5283 643 5352 Proderit
658 5294 777 5350 autem
795 5305 851 5351 res
865 5293 980 5373 gestas
1003 5276 1172 5347 annotari
1195 5278 1360 5349 brevissi-

549 3506 748 3598 lanuarius.

548 3611 775 3681 Februarius.

548 3714 714 3784 Marcius:

549 3817 694 3906 Aprilis.

551 3918 681 3988 Maius.

550 4017 684 4089 lunius.

550 4120 672 4190 lulius.

551 4223 741 4314 Augustus.

550 4326 771 4416 September.

549 4427 719 4497 October.

550 4529 765 4601 November.

549 4631 759 4701 December.

1180 3608 1365 3706 Περίτιος.

1181 3708 1362 3807 Δύστρος.

1181 3810 1381 3895 Ξανθικός.

1185 4015 1352 4099 dolores.

1186 4115 1376 4212 Πάνεμος.

1184 4222 1309 4316 Apios.

1182 4530 1282 4609 AEos.

372 5485 530 5580 aliquem
551 5487 669 5557 locum
693 5509 920 5555 communem
941 5485 1135 5569 moralem,
1177 5495 1218 5552 ut
1247 5483 1361 5553 animi

370 5589 566 5679 legentium
584 5604 681 5659 certo
698 5588 755 5658 die
773 5600 985 5656 annotatum
999 5588 1152 5670 iactum,
1170 5588 1360 5656 traducan-

372 5704 432 5764 tur
448 5694 493 5762 ad
512 5691 836 5762 considerationem
853 5690 1002 5761 alicuius
1016 5689 1158 5760 virtutis
1179 5702 1243 5760 aut
1256 5713 1360 5782 prae·

373 5794 466 5886 cepti
483 5794 641 5864 moralis.
684 5793 793 5864 Cuius
809 5795 861 5862 rei
875 5805 915 5862 ut
929 5792 1046 5885 aliqua
1066 5793 1225 5883 exempla
1239 5790 1358 5886 pueris

1181 3504 1410 3589 Αὐδυναῖος.

1179 3912 1424 4012 Ἀρτεμίσιος.

1183 4326 1396 4418 Γορπιαῒος.

1180 4422 1488 4523 Ὑπερβερεταῖος.
1555 4425 1803 4524 Πυανεψιών.

1176 4608 1412 4711 Ἀπελλαῖος.4

1931 3507 2098 3608 Tvsstst')

1927 3609 2086 3711 Μεχείρ.

1928 3712 2139 3807 Φαμενώθ.

1928 3813 2152 3913 Φαρμουθί.

1551 3506 1765 3603 Γαμηλιών.

1543 3606 1835 3707 Ἐλαφηβολιών.

1550 3710 1799 3806 Μουνυχιών.

1553 3810 1784 3916 θαργηλιῶν.

1554 3910 1834 4015 Σκιροφοριῶν.
1927 3913 2088 4013 Παχῶν.

1549 4015 1847 4116 Ἕκατομβαιών.
1929 4018 2074 4096 Παύνί.

1555 4120 1852 4220 Μεταγειτνιών.
1924 4120 2059 4217 ’Ruspi

1555 4219 1818 4320 Βοηδρομιών.
1930 4223 2102 4320 Μεσορή.

1554 4317 1870 4420 Μαιμακτηριῶν.
1933 4325 2026 4400 oda

1931 4379 2081 4526 φαωὶρί.

1548 4526 1835 4623 Ἀνθεστηριών.
1924 4524 2057 4625 Ἀθύρ.

1554 4624 1782 4705 Ποσειδεών.
1928 4630 2064 4709 Χοιάκ.

1413 4780 1623 4849 monstrem,
1639 4790 1734 4835 nunc
1750 4770 1894 4837 tandem
1911 4767 2164 4841 Calendarium
2181 4770 2298 4866 ipsum
2316 4798 2401 4867 pro·

1413 4893 1531 4959 pono,
1557 4882 1591 4938 et
1606 4894 1668 4940 eos
1685 4864 1834 4953 hortor,
1859 4883 1901 4941 ut
1920 4870 2030 4943 simili
2052 4874 2108 4943 vel
2131 4873 2238 4945 etiam
2256 4901 2401 4948 actura·

1412 4972 1505 5042 tiore
1525 4974 1645 5044 studio
1668 4971 1820 5066 insignia
1842 4974 1932 5044 iacta
1964 4976 2187 5069 antiquitatis
2211 4980 2401 5053 observent

1413 5088 1448 5144 et
1479 5089 1624 5159 notent,
1665 5088 1815 5169 propter
1842 5077 2014 5150 utilitates
2043 5104 2152 5170 supra
2183 5104 2401 5154 commemo-

1412 5177 1574 5275 ratas.'⁸)

371 5384 441 5454 mis
464 5384 609 5479 quidem
635 5384 771 5467 verbis,
804 5386 865 5453 sed
890 5382 1131 5453 alludentibus
1160 5393 1281 5450 tamen
1315 5318 1388 5474 adi
1446 5446 1495 5503 m
1515 5447 1584 5497 auto
1601 5436 1876 5497 nonantulanum
1895 5445 1923 5495 in
1941 5446 2072 5497 strotsttt
2090 5445 2398 5511 neminemnam.

1482 5526 1563 5565 nanu
1588 5517 1701 5577 propria
1724 5516 1751 5563 tu
1776 5516 1900 5579 margins
1923 5515 1993 5565 haec
2013 5517 2179 5578 adscrtnlt:
2209 5516 2317 5567 Pltahs
2341 5516 2405 5581 πυρί

1484 5584 1616 5645 tuctpiens
1635 5588 1735 5634 uestro
1755 5583 1896 5634 vembrt
1913 5584 1959 5634 tra.
1976 5584 2002 5635 8.
2020 5597 2080 5648 cap.
2096 5586 2141 5637 2³.

1448 5682 1497 5751 28)
1522 5684 1579 5733 lara
1598 5696 1684 5746 sopra
1709 5698 1736 5746 p.
1754 5683 1806 5733 ⁶07
1824 5696 1866 5747 sq.
1885 5686 2114 5748 memoravimus,
2136 5687 2188 5735 taos
2207 5684 2403 5738 calendario·

1482 5753 1600 5804 nutris
1616 5765 1651 5801 ex
1668 5757 1749 5815 parte
1766 5753 1934 5804 tietantttont
1958 5765 1975 5804 a
1996 5755 2135 5804 strobetto
2152 5754 2290 5817 adsertam
2313 5756 2403 5818 ttytto

1482 5824 1556 5875 testa
1582 5823 1660 5871 serta
1684 5822 1764 5872 tutus
1788 5822 1882 5885 operta
1908 5820 2065 5889 Praelatio,
2092 5823 2203 5873 acutae
2219 5823 2302 5876 ttberl
2318 5825 2403 5889 stlta,

1903 5888 1990 5963 52*
