5534 6700
265 650 343 728 800

266 827 377 898 breve
401 819 590 911 supinum,
623 820 753 903 citum,
784 831 826 889 ut
847 813 976 924 [Ouid.
1000 842 1057 910 ep.
1075 819 1121 887 vex
1140 814 1261 888 Ponto

268 927 330 1012 IV,
344 930 383 1009 2,
399 918 451 994 56
465 920 557 1020 sq.]:

369 1040 482 1094 notul
498 1040 610 1093 num
627 1036 763 1102 sunu,
779 1034 951 1100 unumque·
965 1035 1056 1085 vtrtns

405 1125 533 1193 σκιαί,
556 1128 586 1177 et
603 1126 764 1176 momen
780 1121 878 1187 storto
888 1121 982 1173 octosr
999 1121 1090 1173 tuoe
1187 1135 1200 1157 ·

371 1213 517 1286 Passiva
533 1211 725 1308 praeterita
741 1212 833 1282 liunt
850 1234 871 1279 a
888 1209 1047 1301 supinis,
1073 1221 1115 1279 ut
1135 1210 1261 1279 doctus

269 1345 372 1400 sum,
398 1329 515 1389 tortus
537 1341 631 1389 sum.
690 1312 827 1385 Verum
851 1334 944 1406 quae
966 1311 1105 1403 supinis
1125 1322 1261 1393 carent,

269 1424 315 1494 iis
333 1424 464 1492 desunt
475 1418 668 1511 praeterita
685 1418 840 1510 passiva,
866 1427 910 1484 ut·
922 1414 1023 1483 verbi
1034 1436 1167 1507 urgeor
1180 1410 1261 1484 nul·

267 1527 345 1598 lum
364 1533 417 1593 est
430 1522 677 1613 praeteritum.
729 1518 788 1589 Sic
811 1529 846 1588 et
867 1516 969 1585 verbi
991 1518 1159 1600 medeor,
1190 1514 1261 1587 nisi

269 1654 290 1697 a
307 1623 469 1698 medicor
483 1637 700 1694 mutuemur.
1105 1633 1107 1637 ·

372 1724 550 1796 Misereor
566 1727 651 1796 facit
667 1723 832 1792 misertus
847 1742 940 1790 sum.

373 1828 518 1898 Mereor
532 1825 736 1922 ἀνώμαλον
744 1821 776 1921 ¹)
791 1821 908 1892 merui
923 1835 959 1895 et
974 1821 1122 1893 meritus
1135 1844 1228 1892 sum.

371 1929 471 2000 Reor
675 1940 776 1998 ratus
791 1949 883 1996 sum.
1079 1989 1082 1995 .

371 2031 504 2102 Fateor
519 2033 632 2102 lassus
648 2026 749 2113 sum,
776 2027 960 2097 Confiteor
974 2025 1154 2096 confessus
1169 2047 1260 2095 sum.

372 2133 497 2205 Tueor
671 2131 782 2202 tuitus
804 2153 896 2201 sum.
961 2126 1066 2199 Tuor
1097 2138 1134 2196 et
1163 2137 1261 2197 tutus

267 2260 338 2329 pro
355 2235 546 2327 participio
563 2235 732 2316 videntur
746 2233 945 2326 antiquata.

341 2338 514 2406 Formula
530 2335 794 2426 coniugationis
809 2347 863 2405 est
879 2356 922 2402 ex
933 2331 1080 2401 Donato
1093 2330 1262 2422 petenda.

415 2504 494 2589 De
523 2506 686 2587 tertia
712 2500 1111 2615 coniugatione.

374 2650 416 2722 In
440 2653 546 2722 tertia
571 2651 825 2743 coniugatione
842 2671 920 2720 non
942 2661 996 2720 est
1018 2671 1111 2718 unus
1135 2645 1264 2740 aliquis

269 2752 457 2826 character
473 2754 774 2845 praeteritorum,
798 2753 892 2823 utin
907 2750 1152 2843 superioribus
1168 2747 1264 2817 ordi·

268 2858 399 2941 nibus,
424 2857 487 2927 sed
504 2855 664 2946 singulae
689 2853 962 2924 terminationes
983 2877 1066 2923 suos
1089 2851 1264 2945 quosdam

271 2956 515 3040 characteres,
553 2980 708 3051 suasque
735 2955 942 3038 formulas„
973 2974 1104 3047 easque
1131 2951 1264 3036 varias,

270 3059 418 3132 habent.
484 3059 644 3129 Proinde
676 3058 805 3128 ordine
834 3079 960 3127 omues
992 3054 1265 3126 terminationes

271 3187 533 3257 proponemus.

729 3291 808 3366 ΒΟ.

379 3416 471 3490 Cum
485 3416 595 3505 longa
611 3414 745 3484 vocalis
764 3393 983 3506 postremam
1005 3411 1180 3505 syllabam
1202 3434 1267 3480 an·

274 3520 361 3603 teit,
400 3516 605 3612 praeteritis
627 3517 668 3584 lit
688 3516 763 3606 psi,
805 3528 845 3585 ut
872 3515 970 3584 nubo
992 3514 1118 3605 nupsi,
1148 3513 1266 3588 scribo

274 3622 413 3714 scripsi.
478 3620 588 3690 Ptum
615 3617 753 3710 supinis
782 3616 885 3714 lit'),
918 3630 960 3690 ut
979 3629 1154 3708 nuptum,
1178 3616 1268 3689 scri·

275 3738 392 3819 ptum.
445 3720 595 3792 Caetera
613 3720 653 3790 bi
674 3720 830 3814 iaciunt,
862 3732 903 3790 ut
923 3719 1009 3790 bibo
1033 3718 1127 3804 bibi,
1159 3720 1267 3791 scsbo

275 3826 385 3899 stabi.
439 3823 686 3917 Compositaa
710 3823 801 3892 cubo
825 3821 1014 3894 imitantur
1034 3820 1267 3913 praeteritum

276 3927 470 4021 simplicis,
508 3940 551 3997 ut
571 3926 742 3997 incumbo
763 3922 921 3995 incubui.
985 3924 1102 4016 Supra
1126 3924 1269 3995 monui-

276 4057 372 4115 mus,
387 4030 427 4100 in
441 4028 545 4100 tertia
562 4028 814 4120 coniugatione
831 4026 1029 4121 composita
1047 4021 1155 4099 huius
1168 4027 1269 4097 verbi

276 4161 315 4204 m
337 4132 544 4205 adsciscere.
593 4129 691 4202 'l'um
706 4129 844 4223 supinis
857 4129 916 4215 lit,
941 4128 1198 4201 utlambitum.

733 4263 809 4336 CO.

382 4369 532 4440 Haecin
549 4366 792 4479 cipraeterita
806 4366 962 4452 faciunt,
987 4367 1050 4440 sed
1062 4367 1174 4441 varie.
1198 4366 1270 4438 Vs·

272 4474 378 4545 riaut
393 4483 428 4539 et
443 4471 584 4566 supina.
699 4473 703 4480 “

328 4572 448 4642 Vinco
550 4569 621 4641 vici
775 4569 923 4641 victum.

329 4675 447 4745 Pareo
550 4672 695 4766 peperci
711 4684 747 4742 et
761 4673 859 4765 parsi
872 4696 1020 4765 parsum

330 4777 446 4848 Posco
550 4775 700 4869 poposci
715 4775 791 4847 sine
808 4774 939 4868 supino

330 4879 441 4951 Disco
553 4878 663 4949 didici
682 4876 759 4951 slue
776 4878 907 4971 supino

272 4975 277 4986 ’
329 4979 391 5051 leo
556 4980 604 5051 ici
783 4981 906 5052 ictum.

435 5113 534 5187 Haec
549 5116 589 5186 in
604 5115 642 5186 vi
655 5108 829 5212 syllabam
848 5115 1033 5189 desinunt:

333 5232 448 5303 Pasco
579 5234 666 5327 pavi
792 5247 935 5327 pastum

333 5333 462 5407 Cresco
571 5337 678 5407 ¹crevi
788 5350 945 5421 eretum,
984 5360 1058 5431 quo
1086 5347 1209 5404 tamen
1233 5333 1272 5405 in

421 5453 424 5458 '
827 5438 981 5532 simplici
994 5462 1070 5509 non
1084 5448 1246 5512 utuntur.

317 5675 351 5735 t)
371 5665 539 5743 δήμιον]
557 5675 593 5725 ab
608 5673 695 5726 rute
710 5672 803 5738 lm,
821 5684 846 5724 s.
859 5683 886 5726 ι.
902 5673 992 5728 Μ

315 5773 351 5843 ί)
368 5777 449 5830 eu·
466 5778 574 5841 ruptulo
591 5779 649 5844 ll,]
667 5776 719 5832 lo.
734 5775 810 5826 tw.
827 5773 933 5839 Supln
953 5775 1023 5827 flul
1038 5785 1089 5841 pn·
1105 5777 1198 5845 plu,
1221 5776 1274 5834 lt.

352 5860 377 5895 ss
389 5857 431 5897 m:
455 5846 561 5910 διψία
577 5846 647 5899 lut
663 5846 692 5898 ln
710 5846 796 5912 pun,
900 5861 902 5868 ·
927 5849 930 5857 '

848 690 895 705 ...
928 641 1061 719 rovr-
1103 586 1433 717 ousuuartea
1457 636 1658 714 *uerna

1363 810 1521 909 Quiesco
1607 811 1730 908 quievi
1824 812 1985 907 quietum

1364 918 1568 990 Consuesco
1607 914 1776 986 consuevi
1824 927 2032 986 consuetum

1361 1020 1481 1092 Nosco
1606 1017 1694 1087 novi
1824 1030 1951 1087 notum

1363 1125 1530 1215 Agnosco
1601 1120 1734 1212 agnovi
1824 1119 1997 1215 agnitum.
2078 1116 2136 1188 Sic
2172 1141 2305 1211 cogno·

1312 1225 1432 1295 sco‘.

1363 1225 1481 1398 Seisco
1595 1326 1683 1396 scivi
1822 1324 1972 1406 scitum,
2000 1334 2185 1394 mutuatur
2200 1346 2304 1417 prae-

1312 1429 1457 1500 teritum
1476 1453 1495 1497 a
1513 1424 1688 1510 themate,
1714 1427 1805 1496 sicut
1821 1427 1890 1494 alia
1906 1420 2124 1496 inchoativa.

1363 1531 1515 1602 Senesco
1593 1530 1713 1611 senui,
1754 1551 1839 1596 nam
1869 1529 2074 1619 lingendum
2102 1540 2156 1599 est
2180 1525 2302 1601 thema

1311 1656 1433 1705 seneo.
1827 1655 1836 1665 ·
2295 1645 2300 1657 ’

1355 1751 1486 1825 ,ῦΙίεω
1502 1763 1600 1822 caret
1615 1748 1811 1843 praeterito
1827 1759 1863 1818 et
1877 1746 2008 1840 supino
2021 1746 2065 1845 ⁴).

1326 1854 1455 1937 ,Dico
1604 1853 1679 1924 dixi
1833 1851 1969 1921 dietum

1363 1957 1469 2029 Duco
1597 1956 1685 2028 duxi
1782 1955 1979 2025 ¹ductum

1364 2059 1562 2151 Compesco
1602 2056 1824 2150 compescui,
1849 2057 1987 2128 duabus
2005 2054 2161 2149 syllabis.

1764 2207 1847 2279 ΒΟ.

1415 2330 1453 2400 Si
1474 2330 1584 2421 longa
1606 2329 1740 2400 vocalis
1764 2330 1967 2420 praecedit,
2004 2333 2239 2421 praeteritum
2265 2335 2306 2405 lit

1313 2455 1379 2523 per
1398 2431 1447 2515 si,
1472 2433 1600 2522 supina
1614 2455 1680 2522 per
1693 2431 1833 2525 sum‘),
1863 2457 1949 2501 nam
1967 2443 2003 2502 et
2016 2434 2056 2503 di
2068 2445 2105 2504 et
2118 2435 2150 2507 si
2163 2446 2308 2506 mutan·

1314 2545 1375 2603 tur
1390 2532 1430 2600 in
1446 2533 1583 2626 supinis
1599 2533 1637 2601 in
1653 2558 1745 2604 sum.

1366 2649 1472 2732 Rado
1628 2650 1701 2725 rasi

1368 2749 1474 2823 Ludo

1856 2675 1977 2723 rasum

1628 2752 1699 2825 tusi
1852 2753 1971 2824 lusum

1368 2854 1471 2925 Cudo
1626 2855 1709 2926 cudi
1853 2880 1976 2927 cusum

1365 2955 1475 3026 Rudo
1623 2958 1727 3041 rudi,
1753 2957 1839 3029 lacit
1854 2957 1931 3031 siue
1948 2958 2091 3051 supino.

1366 3056 1502 3129 Divido
1624 3059 1732 3130 dirisi
1854 3059 2010 3132 divisum

1366 3159 1460 3231 Pido
1626 3163 1710 3234 fisus
1729 3185 1821 3234 sum.
2033 3160 2036 3166 ’

1619 3297 1770 3370 Caetera
1795 3299 1833 3369 di
1855 3300 1997 3374 liniunt.

1654 3419 1766 3511 pandi
1920 3444 2064 3513 passum

1620 3586 1624 3595 .
1652 3522 1775 3590 scandi
1919 3546 2083 3592 sconsum

1368 3415 1497 3487 Pando

1369 3518 1510 3589 Seaudo

1369 3621 1534 3692 Ascendo
1652 3621 1796 3693 ascendi
1921 3633 2125 3711 ascensum,
2151 3626 2210 3699 Sic
2231 3654 2309 3703 cae·

1318 3735 1398 3794 tera
1418 3721 1630 3816 composita.

1370 3825 1509 3896 Mando

1370 3928 1494 4001 Strido

1370 4027 1563 4101 Prehendo
1646 4028 1822 4124 prehendi
1924 4031 2140 4126 prehensum

1650 3824 1776 3895 mandi
1924 3852 2090 3901 mansum

1649 3928 1773 4013 stridi‚
1798 3929 1877 4002 sine
1893 3931 2037 4024 supino.

1370 4132 1535 4204 Delendo
1647 4135 1791 4207 delendi

1370 4234 1528 4307 Offendo
1646 4238 1782 4308 offendi

1371 4338 1501 4409 'l'endo
1644 4338 1781 4410 tetendi
1900 4325 1905 4336 ¹
1926 4354 2065 4415 tentum
2083 4358 2118 4415 et
2133 4358 2285 4422 tensum.

1371 4439 1533 4514 Ostendo
1651 4443 1792 4515 ostendi
1931 4457 2123 4534 ostentum,
2144 4462 2180 4520 et
2194 4464 2312 4524 osten·

1672 4570 1774 4632 snm,
1798 4548 1861 4618 sed
1876 4550 2055 4642 posterius
2068 4552 2234 4625 usitatius
2248 4569 2311 4629 est.

1372 4647 1540 4717 Accendo
1650 4650 1797 4721 accendi
1938 4677 2125 4744 accensum

1371 4746 1505 4819 'l'undo
1651 4751 1769 4823 tutudi
1942 4767 2087 4825 tunsum
2104 4768 2139 4826 et
2153 4769 2272 4830 tusum

1355 5018 1388 5078 u
1406 5017 1539 5085 agnam..
1581 5018 1628 5068 su
1650 5014 1811 5084 mmm]
1838 4997 1924 5070 nette
1942 5018 2038 5082 iseo„
2062 5031 2143 5073 ..aa
2172 5024 2307 5093 ιμιωι,

1392 5088 1544 5152 ροηιιΙῐίυ
1560 5085 1647 5138 brevi.
1777 5108 1781 5113 ⁴

1426 5157 1573 5220 cognosco
1607 5154 1726 5220 cognovi
1760 5152 1916 5220 cognitum,
1940 5155 2089 5222 peuutttus
2105 5158 2191 5210 broit

1425 5226 1545 5290 Ignosco
1603 5223 1701 5290 tguovt
1757 5224 1896 5290 motum,
1918 5225 2069 5288 numum
2086 5226 2186 5296 louge,
2209 5232 2314 5284 refluet

1392 5294 1466 5344 autu
1482 5293 1594 5345 lttoron
1613 5291 1755 5355 stmpttcts.

1357 5393 1390 5464 4)
1407 5395 1492 5450 stlte
1508 5393 1602 5457 tm,
1620 5408 1645 5446 s.
1656 5406 1683 5447 e.
1701 5394 1822 5449 oddonts
1845 5392 2049 5459 cononum,
2074 5375 2201 5449 vetus⁹ot
2216 5402 2313 5452 exote-

1393 5466 1451 5515 ωι
1468 5465 1599 5531 verbum,
1617 5464 1685 5516 tsolt
1695 5462 1844 5530 wuouexl,
1864 5466 1893 5516 ot
1910 5464 2050 5529 etmucst
2067 5470 2150 5530 ceput
2168 5468 2314 5524 luetluro.

1358 5566 1390 5632 s)
1408 5567 1508 5629 rapu·
1524 5580 1574 5631 με
1591 5570 1670 5629 ιιι]
1693 5567 1736 5622 sto
1758 5568 1808 5617 ua.
1830 5580 1854 5617 s.
1876 5578 1922 5634 ι,
1958 5568 1987 5619 u
2010 5568 2095 5619 notu.
2117 5549 2211 5639 ss'sc,
2238 5572 2314 5625 asso.

1394 5635 1700 5757 uteru
1719 5705 2315 5759 ....

1395 5719 1507 5826 iiiut.
1524 5774 1556 5825 st
1573 5787 1624 5838 per
1643 5740 1686 5841 si,
1701 5720 1835 5828 huon
1851 5738 1879 5824 iu
1896 5775 2003 5827 sume
2032 5720 2146 5827 yonan
2162 5776 2192 5827 u
2203 5721 2314 5842 'reipub

1395 5856 1457 5894 sun
1470 5842 1592 5909 went,

1787 5906 1871 6014 zo*

1930 4138 2114 4209 defensum

1930 4238 2105 4310 offensum
