<?xml version="1.0" encoding="UTF-8"?>
<!DOCTYPE html PUBLIC "-//W3C//DTD XHTML 1.0 Transitional//EN"
    "http://www.w3.org/TR/xhtml1/DTD/xhtml1-transitional.dtd">
<html xmlns="http://www.w3.org/1999/xhtml" xml:lang="en" lang="en">
 <head>
  <title>
</title>
<meta http-equiv="Content-Type" content="text/html;charset=utf-8" />
  <meta name='ocr-system' content='tesseract 3.04.00' />
  <meta name='ocr-capabilities' content='ocr_page ocr_carea ocr_par ocr_line ocrx_word'/>
</head>
<body>
  <div class='ocr_page' id='page_1' title='image "./philippimelanth22melagoog/philippimelanth22melagoog_0393.png"; bbox 0 0 5534 6700; ppageno 0'>
   <div class='ocr_carea' id='block_1_1' title="bbox 265 572 2303 695">
    <p class='ocr_par' dir='ltr' id='par_1_1' title="bbox 265 572 2303 695">
     <span class='ocr_line' id='line_1_1' title="bbox 265 572 2303 695; baseline -0.006 -2"><span class='ocrx_word' id='word_1_1' title='bbox 265 615 355 695; x_wconf 73' lang='grc' dir='ltr'><strong>ιιιι</strong></span> <span class='ocrx_word' id='word_1_2' title='bbox 896 572 1273 684; x_wconf 57' lang='lat' dir='ltr'>donimanum</span> <span class='ocrx_word' id='word_1_3' title='bbox 1297 606 1364 680; x_wconf 81' lang='grc' dir='ltr'>ιιι</span> <span class='ocrx_word' id='word_1_4' title='bbox 1383 605 1533 679; x_wconf 84' lang='lat' dir='ltr'>-·vo1.1..</span> <span class='ocrx_word' id='word_1_5' title='bbox 1557 606 1682 682; x_wconf 82' lang='grc' dir='ltr'><strong>ι-ιι,</strong></span> <span class='ocrx_word' id='word_1_6' title='bbox 2227 606 2303 681; x_wconf 78' lang='lat' dir='ltr'>aro</span> 
     </span>
    </p>
   </div>
   <div class='ocr_carea' id='block_1_2' title="bbox 235 772 2376 4126">
    <p class='ocr_par' dir='ltr' id='par_1_2' title="bbox 235 772 2302 979">
     <span class='ocr_line' id='line_1_2' title="bbox 235 772 2302 872; baseline -0.001 -24"><span class='ocrx_word' id='word_1_7' title='bbox 235 786 241 798; x_wconf 76' lang='lat'><strong><em>⁴</em></strong></span> <span class='ocrx_word' id='word_1_8' title='bbox 280 787 423 856; x_wconf 84' lang='lat' dir='ltr'>Circum</span> <span class='ocrx_word' id='word_1_9' title='bbox 445 793 558 871; x_wconf 89' lang='lat' dir='ltr'>prata</span> <span class='ocrx_word' id='word_1_10' title='bbox 566 779 725 872; x_wconf 66' lang='lat' dir='ltr'>volart),</span> <span class='ocrx_word' id='word_1_11' title='bbox 751 776 840 846; x_wconf 82' lang='lat' dir='ltr'>rivis</span> <span class='ocrx_word' id='word_1_12' title='bbox 855 799 946 869; x_wconf 79' lang='lat' dir='ltr'>quae</span> <span class='ocrx_word' id='word_1_13' title='bbox 962 796 1103 866; x_wconf 83' lang='lat' dir='ltr'>semper</span> <span class='ocrx_word' id='word_1_14' title='bbox 1117 775 1175 844; x_wconf 87' lang='lat' dir='ltr'>ab·</span> <span class='ocrx_word' id='word_1_15' title='bbox 1179 773 1267 845; x_wconf 86' lang='lat' dir='ltr'>albis</span> <span class='ocrx_word' id='word_1_16' title='bbox 1318 772 1434 866; x_wconf 83' lang='lat' dir='ltr'><strong>Quem</strong></span> <span class='ocrx_word' id='word_1_17' title='bbox 1460 797 1569 864; x_wconf 85' lang='lat' dir='ltr'>penes</span> <span class='ocrx_word' id='word_1_18' title='bbox 1589 772 1777 842; x_wconf 81' lang='lat' dir='ltr'>arbitrium</span> <span class='ocrx_word' id='word_1_19' title='bbox 1799 785 1873 856; x_wconf 83' lang='lat' dir='ltr'>est,</span> <span class='ocrx_word' id='word_1_20' title='bbox 1898 786 1934 842; x_wconf 90' lang='lat' dir='ltr'>et</span> <span class='ocrx_word' id='word_1_21' title='bbox 1953 775 2025 856; x_wconf 82' lang='lat' dir='ltr'>vis,</span> <span class='ocrx_word' id='word_1_22' title='bbox 2051 788 2227 845; x_wconf 82' lang='lat' dir='ltr'>etnorma</span> <span class='ocrx_word' id='word_1_23' title='bbox 2246 780 2302 845; x_wconf 86' lang='lat' dir='ltr'>ca&#39;·</span> 
     </span>
     <span class='ocr_line' id='line_1_3' title="bbox 279 873 2051 979; baseline -0.009 -22"><span class='ocrx_word' id='word_1_24' title='bbox 279 888 516 979; x_wconf 82' lang='lat' dir='ltr'>sparguntur,</span> <span class='ocrx_word' id='word_1_25' title='bbox 519 881 749 972; x_wconf 75' lang='lat' dir='ltr'>pinguesque</span> <span class='ocrx_word' id='word_1_26' title='bbox 763 890 884 947; x_wconf 86' lang='lat' dir='ltr'>creant</span> <span class='ocrx_word' id='word_1_27' title='bbox 899 878 1113 948; x_wconf 77' lang='lat' dir='ltr'><strong>animalibus</strong></span> <span class='ocrx_word' id='word_1_28' title='bbox 1125 873 1266 947; x_wconf 84' lang='lat' dir='ltr'>herbas.</span> <span class='ocrx_word' id='word_1_29' title='bbox 1347 948 1353 960; x_wconf 66' lang='grc'><strong>,</strong></span> <span class='ocrx_word' id='word_1_30' title='bbox 1930 873 2051 944; x_wconf 89' lang='lat' dir='ltr'>nendi.</span> 
     </span>
    </p>

    <p class='ocr_par' dir='ltr' id='par_1_3' title="bbox 268 974 2306 2193">
     <span class='ocr_line' id='line_1_4' title="bbox 302 974 2303 1107; baseline -0.006 -52.5"><span class='ocrx_word' id='word_1_31' title='bbox 302 983 550 1076; x_wconf 87' lang='lat' dir='ltr'>·Dumqoe</span> <span class='ocrx_word' id='word_1_32' title='bbox 572 981 660 1053; x_wconf 84' lang='lat' dir='ltr'>novi</span> <span class='ocrx_word' id='word_1_33' title='bbox 679 1004 823 1051; x_wconf 90' lang='lat' dir='ltr'>rursum</span> <span class='ocrx_word' id='word_1_34' title='bbox 844 993 1049 1050; x_wconf 87' lang='lat' dir='ltr'>conventus</span> <span class='ocrx_word' id='word_1_35' title='bbox 1056 981 1160 1070; x_wconf 91' lang='lat' dir='ltr'>oopia</span> <span class='ocrx_word' id='word_1_36' title='bbox 1173 979 1266 1091; x_wconf 84' lang='lat' dir='ltr'>iacta</span> <span class='ocrx_word' id='word_1_37' title='bbox 1319 975 1543 1107; x_wconf 77' lang='lat' dir='ltr'><strong>Consulite</strong></span> <span class='ocrx_word' id='word_1_38' title='bbox 1532 999 1571 1052; x_wconf 83' lang='grc' dir='ltr'>ιιι</span> <span class='ocrx_word' id='word_1_39' title='bbox 1594 974 1774 1057; x_wconf 90' lang='lat' dir='ltr'>medium,</span> <span class='ocrx_word' id='word_1_40' title='bbox 1807 998 1925 1069; x_wconf 90' lang='lat' dir='ltr'>quem</span> <span class='ocrx_word' id='word_1_41' title='bbox 1922 999 2013 1046; x_wconf 86' lang='lat' dir='ltr'>sors</span> <span class='ocrx_word' id='word_1_42' title='bbox 2033 976 2149 1058; x_wconf 87' lang='lat' dir='ltr'>volet,</span> <span class='ocrx_word' id='word_1_43' title='bbox 2171 975 2303 1045; x_wconf 84' lang='lat' dir='ltr'>arbiter</span> 
     </span>
     <span class='ocr_line' id='line_1_5' title="bbox 269 1089 2022 1165; baseline -0.008 -6"><span class='ocrx_word' id='word_1_44' title='bbox 269 1150 274 1159; x_wconf 92' lang='lat'>.</span> <span class='ocrx_word' id='word_1_45' title='bbox 875 1095 960 1165; x_wconf 81' lang='grc' dir='ltr'><strong>ιιι,</strong></span> <span class='ocrx_word' id='word_1_46' title='bbox 1102 1115 1107 1127; x_wconf 85' lang='grc'><em>·</em></span> <span class='ocrx_word' id='word_1_47' title='bbox 1935 1089 2022 1147; x_wconf 90' lang='lat' dir='ltr'>esto.</span> 
     </span>
     <span class='ocr_line' id='line_1_6' title="bbox 268 1132 2271 1298; baseline -0.008 -39"><span class='ocrx_word' id='word_1_48' title='bbox 268 1132 448 1259; x_wconf 68' lang='lat' dir='ltr'>insaucii</span> <span class='ocrx_word' id='word_1_49' title='bbox 462 1185 566 1256; x_wconf 86' lang='lat' dir='ltr'>sociis</span> <span class='ocrx_word' id='word_1_50' title='bbox 583 1184 718 1253; x_wconf 90' lang='lat' dir='ltr'>obeunt</span> <span class='ocrx_word' id='word_1_51' title='bbox 733 1196 965 1276; x_wconf 82' lang='lat' dir='ltr'>tempusque,</span> <span class='ocrx_word' id='word_1_52' title='bbox 989 1183 1194 1298; x_wconf 87' lang='lat' dir='ltr'>locumque.</span> <span class='ocrx_word' id='word_1_53' title='bbox 1245 1210 1250 1219; x_wconf 96' lang='lat'>·</span> <span class='ocrx_word' id='word_1_54' title='bbox 1319 1177 1412 1249; x_wconf 89' lang='lat' dir='ltr'>Nam</span> <span class='ocrx_word' id='word_1_55' title='bbox 1429 1203 1556 1247; x_wconf 87' lang='lat' dir='ltr'>vereor</span> <span class='ocrx_word' id='word_1_56' title='bbox 1568 1202 1711 1249; x_wconf 80' lang='lat' dir='ltr'>scissam</span> <span class='ocrx_word' id='word_1_57' title='bbox 1725 1178 1895 1247; x_wconf 88' lang='lat' dir='ltr'>stodiam</span> <span class='ocrx_word' id='word_1_58' title='bbox 1911 1177 2090 1247; x_wconf 87' lang='lat' dir='ltr'>contraria</span> <span class='ocrx_word' id='word_1_59' title='bbox 2106 1188 2271 1292; x_wconf 82' lang='lat' dir='ltr'>gentem</span> 
     </span>
     <span class='ocr_line' id='line_1_7' title="bbox 280 1276 2261 1401; baseline -0.007 -41"><span class='ocrx_word' id='word_1_60' title='bbox 280 1291 323 1361; x_wconf 89' lang='lat' dir='ltr'>ln</span> <span class='ocrx_word' id='word_1_61' title='bbox 337 1288 499 1359; x_wconf 80' lang='lat' dir='ltr'>Menrlae</span> <span class='ocrx_word' id='word_1_62' title='bbox 515 1310 658 1356; x_wconf 86' lang='lat' dir='ltr'>causam</span> <span class='ocrx_word' id='word_1_63' title='bbox 673 1285 881 1355; x_wconf 87' lang='lat' dir='ltr'>descendit</span> <span class='ocrx_word' id='word_1_64' title='bbox 869 1309 909 1354; x_wconf 84' lang='grc' dir='ltr'>ιιι</span> <span class='ocrx_word' id='word_1_65' title='bbox 926 1284 1055 1354; x_wconf 86' lang='lat' dir='ltr'>ordine</span> <span class='ocrx_word' id='word_1_66' title='bbox 1069 1282 1229 1401; x_wconf 79' lang='lat' dir='ltr'>primo</span> <span class='ocrx_word' id='word_1_67' title='bbox 1319 1279 1548 1350; x_wconf 88' lang='lat' dir='ltr'>Praedonum</span> <span class='ocrx_word' id='word_1_68' title='bbox 1565 1282 1716 1372; x_wconf 86' lang='lat' dir='ltr'>arripiat</span> <span class='ocrx_word' id='word_1_69' title='bbox 1729 1281 1855 1351; x_wconf 92' lang='lat' dir='ltr'>rostris</span> <span class='ocrx_word' id='word_1_70' title='bbox 1875 1305 1920 1349; x_wconf 90' lang='lat' dir='ltr'>ne</span> <span class='ocrx_word' id='word_1_71' title='bbox 1937 1278 2109 1349; x_wconf 85' lang='lat' dir='ltr'>exercitus</span> <span class='ocrx_word' id='word_1_72' title='bbox 2123 1276 2261 1347; x_wconf 90' lang='lat' dir='ltr'>uncis.</span> 
     </span>
     <span class='ocr_line' id='line_1_8' title="bbox 282 1377 2268 1476; baseline -0.009 -13"><span class='ocrx_word' id='word_1_73' title='bbox 282 1393 427 1463; x_wconf 88' lang='lat' dir='ltr'>Turdus</span> <span class='ocrx_word' id='word_1_74' title='bbox 444 1391 554 1471; x_wconf 81' lang='lat' dir='ltr'>edax,</span> <span class='ocrx_word' id='word_1_75' title='bbox 580 1389 679 1458; x_wconf 89' lang='lat' dir='ltr'>cuius</span> <span class='ocrx_word' id='word_1_76' title='bbox 694 1389 874 1459; x_wconf 77' lang='lat' dir='ltr'>fruticans</span> <span class='ocrx_word' id='word_1_77' title='bbox 882 1389 927 1456; x_wconf 92' lang='lat' dir='ltr'>de</span> <span class='ocrx_word' id='word_1_78' title='bbox 941 1400 1097 1458; x_wconf 79' lang='lat' dir='ltr'>stercore</span> <span class='ocrx_word' id='word_1_79' title='bbox 1112 1385 1247 1454; x_wconf 85' lang='lat' dir='ltr'>viscum</span> <span class='ocrx_word' id='word_1_80' title='bbox 1320 1381 1442 1472; x_wconf 81' lang='lat' dir='ltr'>Quare</span> <span class='ocrx_word' id='word_1_81' title='bbox 1456 1383 1549 1472; x_wconf 82' lang='lat' dir='ltr'>agite</span> <span class='ocrx_word' id='word_1_82' title='bbox 1563 1407 1585 1451; x_wconf 95' lang='lat' dir='ltr'>o</span> <span class='ocrx_word' id='word_1_83' title='bbox 1601 1383 1691 1473; x_wconf 87' lang='lat' dir='ltr'>lapsi</span> <span class='ocrx_word' id='word_1_84' title='bbox 1706 1383 1846 1473; x_wconf 85' lang='lat' dir='ltr'>generis</span> <span class='ocrx_word' id='word_1_85' title='bbox 1861 1380 2067 1476; x_wconf 80' lang='lat' dir='ltr'>reparate⁸)</span> <span class='ocrx_word' id='word_1_86' title='bbox 2086 1377 2268 1459; x_wconf 66' lang='lat' dir='ltr'>mirram,</span> 
     </span>
     <span class='ocr_line' id='line_1_9' title="bbox 281 1478 2292 1604; baseline -0.004 -40"><span class='ocrx_word' id='word_1_87' title='bbox 281 1492 462 1565; x_wconf 89' lang='lat' dir='ltr'>Editurin</span> <span class='ocrx_word' id='word_1_88' title='bbox 477 1489 608 1574; x_wconf 89' lang='lat' dir='ltr'>ramis,</span> <span class='ocrx_word' id='word_1_89' title='bbox 630 1490 856 1583; x_wconf 79' lang='lat' dir='ltr'>steriliaque</span> <span class='ocrx_word' id='word_1_90' title='bbox 845 1513 883 1557; x_wconf 91' lang='lat' dir='ltr'>m</span> <span class='ocrx_word' id='word_1_91' title='bbox 899 1502 1068 1604; x_wconf 43' lang='lat' dir='ltr'>tempore·</span> <span class='ocrx_word' id='word_1_92' title='bbox 1079 1487 1249 1556; x_wconf 84' lang='lat' dir='ltr'>brumae</span> <span class='ocrx_word' id='word_1_93' title='bbox 1320 1482 1370 1550; x_wconf 91' lang='lat' dir='ltr'>Ut</span> <span class='ocrx_word' id='word_1_94' title='bbox 1386 1496 1514 1552; x_wconf 92' lang='lat' dir='ltr'>coeant</span> <span class='ocrx_word' id='word_1_95' title='bbox 1526 1485 1655 1554; x_wconf 82' lang='grc' dir='ltr'><strong>ιιιιιιιιι</strong></span> <span class='ocrx_word' id='word_1_96' title='bbox 1670 1487 1826 1555; x_wconf 86' lang='lat' dir='ltr'>fatorum</span> <span class='ocrx_word' id='word_1_97' title='bbox 1847 1488 1994 1556; x_wconf 89' lang='lat' dir='ltr'>numine</span> <span class='ocrx_word' id='word_1_98' title='bbox 2009 1498 2157 1557; x_wconf 87' lang='lat' dir='ltr'>mentes.</span> <span class='ocrx_word' id='word_1_99' title='bbox 2215 1530 2218 1537; x_wconf 93' lang='lat'>·</span> <span class='ocrx_word' id='word_1_100' title='bbox 2262 1478 2292 1540; x_wconf 64' lang='grc' dir='ltr'>ι</span> 
     </span>
     <span class='ocr_line' id='line_1_10' title="bbox 280 1583 2291 1684; baseline -0.004 -20"><span class='ocrx_word' id='word_1_101' title='bbox 280 1597 428 1665; x_wconf 78' lang='lat' dir='ltr'>Fronde</span> <span class='ocrx_word' id='word_1_102' title='bbox 438 1593 548 1663; x_wconf 84' lang='lat' dir='ltr'>micat</span> <span class='ocrx_word' id='word_1_103' title='bbox 563 1591 683 1674; x_wconf 88' lang='lat' dir='ltr'>viridi,</span> <span class='ocrx_word' id='word_1_104' title='bbox 701 1593 798 1684; x_wconf 93' lang='lat' dir='ltr'>quod</span> <span class='ocrx_word' id='word_1_105' title='bbox 811 1614 887 1660; x_wconf 90' lang='lat' dir='ltr'>non</span> <span class='ocrx_word' id='word_1_106' title='bbox 901 1614 966 1661; x_wconf 86' lang='lat' dir='ltr'>sua</span> <span class='ocrx_word' id='word_1_107' title='bbox 981 1588 1136 1660; x_wconf 89' lang='lat' dir='ltr'>seminat</span> <span class='ocrx_word' id='word_1_108' title='bbox 1144 1588 1268 1656; x_wconf 84' lang='lat' dir='ltr'>arbor.</span> <span class='ocrx_word' id='word_1_109' title='bbox 1319 1583 1389 1654; x_wconf 83' lang='lat' dir='ltr'>Fas</span> <span class='ocrx_word' id='word_1_110' title='bbox 1405 1586 1512 1653; x_wconf 86' lang='lat' dir='ltr'>etiam</span> <span class='ocrx_word' id='word_1_111' title='bbox 1522 1609 1685 1675; x_wconf 88' lang='lat' dir='ltr'>premere</span> <span class='ocrx_word' id='word_1_112' title='bbox 1700 1587 1881 1678; x_wconf 87' lang='lat' dir='ltr'>imperiis,</span> <span class='ocrx_word' id='word_1_113' title='bbox 1907 1612 1948 1657; x_wconf 88' lang='lat' dir='ltr'>ac</span> <span class='ocrx_word' id='word_1_114' title='bbox 1962 1589 2093 1658; x_wconf 81' lang='lat' dir='ltr'>addere</span> <span class='ocrx_word' id='word_1_115' title='bbox 2106 1589 2291 1673; x_wconf 77' lang='lat' dir='ltr'>mulctam,</span> 
     </span>
     <span class='ocr_line' id='line_1_11' title="bbox 284 1684 2127 1789; baseline -0.003 -23"><span class='ocrx_word' id='word_1_116' title='bbox 284 1695 437 1786; x_wconf 83' lang='lat' dir='ltr'>Cognati</span> <span class='ocrx_word' id='word_1_117' title='bbox 456 1707 492 1762; x_wconf 88' lang='lat' dir='ltr'>et</span> <span class='ocrx_word' id='word_1_118' title='bbox 504 1694 664 1789; x_wconf 84' lang='lat' dir='ltr'>generis</span> <span class='ocrx_word' id='word_1_119' title='bbox 657 1694 820 1762; x_wconf 76' lang='lat' dir='ltr'>volucres</span> <span class='ocrx_word' id='word_1_120' title='bbox 836 1716 873 1762; x_wconf 89' lang='lat' dir='ltr'>se</span> <span class='ocrx_word' id='word_1_121' title='bbox 887 1691 1046 1762; x_wconf 88' lang='lat' dir='ltr'>coetibus</span> <span class='ocrx_word' id='word_1_122' title='bbox 1063 1691 1212 1772; x_wconf 85' lang='lat' dir='ltr'>addunt,</span> <span class='ocrx_word' id='word_1_123' title='bbox 1321 1684 1418 1756; x_wconf 88' lang='lat' dir='ltr'>Olim</span> <span class='ocrx_word' id='word_1_124' title='bbox 1434 1687 1498 1780; x_wconf 91' lang='lat' dir='ltr'>qui</span> <span class='ocrx_word' id='word_1_125' title='bbox 1511 1700 1651 1757; x_wconf 90' lang='lat' dir='ltr'>nostras</span> <span class='ocrx_word' id='word_1_126' title='bbox 1668 1690 1840 1758; x_wconf 78' lang='lat' dir='ltr'>tenuatim</span> <span class='ocrx_word' id='word_1_127' title='bbox 1861 1703 2018 1759; x_wconf 86' lang='lat' dir='ltr'>evertere</span> <span class='ocrx_word' id='word_1_128' title='bbox 2034 1691 2127 1760; x_wconf 86' lang='lat' dir='ltr'>vires</span> 
     </span>
     <span class='ocr_line' id='line_1_12' title="bbox 283 1786 2259 1894; baseline -0.006 -24"><span class='ocrx_word' id='word_1_129' title='bbox 283 1801 395 1890; x_wconf 81' lang='lat' dir='ltr'>Queis</span> <span class='ocrx_word' id='word_1_130' title='bbox 412 1797 544 1866; x_wconf 86' lang='lat' dir='ltr'>victum</span> <span class='ocrx_word' id='word_1_131' title='bbox 560 1821 580 1864; x_wconf 88' lang='lat' dir='ltr'>e</span> <span class='ocrx_word' id='word_1_132' title='bbox 596 1796 712 1864; x_wconf 79' lang='lat' dir='ltr'>baccis</span> <span class='ocrx_word' id='word_1_133' title='bbox 728 1794 866 1863; x_wconf 81' lang='lat' dir='ltr'>facilem</span> <span class='ocrx_word' id='word_1_134' title='bbox 885 1796 1029 1877; x_wconf 88' lang='lat' dir='ltr'>dumeta</span> <span class='ocrx_word' id='word_1_135' title='bbox 1052 1792 1268 1862; x_wconf 90' lang='lat' dir='ltr'>ministrant.</span> <span class='ocrx_word' id='word_1_136' title='bbox 1322 1787 1473 1870; x_wconf 73' lang='lat' dir='ltr'>Consti,</span> <span class='ocrx_word' id='word_1_137' title='bbox 1495 1801 1530 1856; x_wconf 92' lang='lat' dir='ltr'>et</span> <span class='ocrx_word' id='word_1_138' title='bbox 1545 1789 1701 1894; x_wconf 82' lang='lat' dir='ltr'>plumis</span> <span class='ocrx_word' id='word_1_139' title='bbox 1689 1804 1853 1882; x_wconf 82' lang='lat' dir='ltr'>inoperta</span> <span class='ocrx_word' id='word_1_140' title='bbox 1870 1791 2072 1884; x_wconf 79' lang='lat' dir='ltr'>relinquere</span> <span class='ocrx_word' id='word_1_141' title='bbox 2085 1786 2259 1877; x_wconf 83' lang='lat' dir='ltr'>membra,</span> 
     </span>
     <span class='ocr_line' id='line_1_13' title="bbox 278 1890 2306 1989; baseline -0.004 -19"><span class='ocrx_word' id='word_1_142' title='bbox 278 1901 374 1970; x_wconf 84' lang='lat' dir='ltr'>llinc</span> <span class='ocrx_word' id='word_1_143' title='bbox 390 1897 525 1978; x_wconf 87' lang='lat' dir='ltr'>Vireo,</span> <span class='ocrx_word' id='word_1_144' title='bbox 544 1897 674 1986; x_wconf 86' lang='lat' dir='ltr'>tepidis</span> <span class='ocrx_word' id='word_1_145' title='bbox 688 1909 837 1966; x_wconf 84' lang='lat' dir='ltr'>nostras</span> <span class='ocrx_word' id='word_1_146' title='bbox 846 1922 909 1989; x_wconf 87' lang='lat' dir='ltr'>qur</span> <span class='ocrx_word' id='word_1_147' title='bbox 898 1895 1107 1966; x_wconf 80' lang='lat' dir='ltr'>aiensibus</span> <span class='ocrx_word' id='word_1_148' title='bbox 1121 1917 1204 1964; x_wconf 89' lang='lat' dir='ltr'>oras</span> <span class='ocrx_word' id='word_1_149' title='bbox 1322 1890 1424 1983; x_wconf 81' lang='lat' dir='ltr'>Quos</span> <span class='ocrx_word' id='word_1_150' title='bbox 1457 1913 1541 1980; x_wconf 88' lang='lat' dir='ltr'>ego:</span> <span class='ocrx_word' id='word_1_151' title='bbox 1595 1890 1664 1961; x_wconf 87' lang='lat' dir='ltr'>Sed</span> <span class='ocrx_word' id='word_1_152' title='bbox 1699 1894 1826 1963; x_wconf 90' lang='lat' dir='ltr'>mediis</span> <span class='ocrx_word' id='word_1_153' title='bbox 1851 1916 1922 1961; x_wconf 83' lang='lat' dir='ltr'>vor</span> <span class='ocrx_word' id='word_1_154' title='bbox 1946 1906 2052 1983; x_wconf 92' lang='lat' dir='ltr'>rupta</span> <span class='ocrx_word' id='word_1_155' title='bbox 2083 1893 2122 1960; x_wconf 92' lang='lat' dir='ltr'>in</span> <span class='ocrx_word' id='word_1_156' title='bbox 2147 1893 2306 1964; x_wconf 80' lang='lat' dir='ltr'>lancibus</span> 
     </span>
     <span class='ocr_line' id='line_1_14' title="bbox 277 1992 2186 2082; baseline -0.002 -16"><span class='ocrx_word' id='word_1_157' title='bbox 277 2002 389 2082; x_wconf 89' lang='lat' dir='ltr'>Visit,</span> <span class='ocrx_word' id='word_1_158' title='bbox 415 2012 450 2067; x_wconf 90' lang='lat' dir='ltr'>et</span> <span class='ocrx_word' id='word_1_159' title='bbox 464 1998 607 2066; x_wconf 87' lang='lat' dir='ltr'>Arcturi</span> <span class='ocrx_word' id='word_1_160' title='bbox 619 2021 745 2067; x_wconf 83' lang='lat' dir='ltr'>rursus</span> <span class='ocrx_word' id='word_1_161' title='bbox 760 1999 834 2067; x_wconf 90' lang='lat' dir='ltr'>sola</span> <span class='ocrx_word' id='word_1_162' title='bbox 855 2011 971 2067; x_wconf 86' lang='lat' dir='ltr'>mutat</span> <span class='ocrx_word' id='word_1_163' title='bbox 987 1999 1030 2066; x_wconf 90' lang='lat' dir='ltr'>ab</span> <span class='ocrx_word' id='word_1_164' title='bbox 1048 2009 1142 2078; x_wconf 93' lang='lat' dir='ltr'>ortu,</span> <span class='ocrx_word' id='word_1_165' title='bbox 1935 1992 2051 2067; x_wconf 87' lang='lat' dir='ltr'>haesit</span> <span class='ocrx_word' id='word_1_166' title='bbox 2174 2014 2186 2045; x_wconf 82' lang='lat'>&#39;·</span> 
     </span>
     <span class='ocr_line' id='line_1_15' title="bbox 280 2092 2185 2193; baseline -0.002 -20"><span class='ocrx_word' id='word_1_167' title='bbox 280 2102 492 2193; x_wconf 75' lang='lat' dir='ltr'>Composuit</span> <span class='ocrx_word' id='word_1_168' title='bbox 507 2099 666 2179; x_wconf 80' lang='lat' dir='ltr'>Merulae</span> <span class='ocrx_word' id='word_1_169' title='bbox 683 2123 719 2169; x_wconf 85' lang='lat' dir='ltr'>se</span> <span class='ocrx_word' id='word_1_170' title='bbox 734 2101 916 2190; x_wconf 88' lang='lat' dir='ltr'>partibus,</span> <span class='ocrx_word' id='word_1_171' title='bbox 942 2112 978 2167; x_wconf 90' lang='lat' dir='ltr'>et</span> <span class='ocrx_word' id='word_1_172' title='bbox 993 2099 1071 2166; x_wconf 86' lang='lat' dir='ltr'>fora</span> <span class='ocrx_word' id='word_1_173' title='bbox 1087 2096 1250 2188; x_wconf 72' lang='lat' dir='ltr'>pressit·</span> <span class='ocrx_word' id='word_1_174' title='bbox 1323 2092 1477 2175; x_wconf 87' lang='lat' dir='ltr'>Collisu,</span> <span class='ocrx_word' id='word_1_175' title='bbox 1505 2107 1540 2162; x_wconf 92' lang='lat' dir='ltr'>et</span> <span class='ocrx_word' id='word_1_176' title='bbox 1553 2093 1666 2164; x_wconf 77' lang='lat' dir='ltr'>foedis</span> <span class='ocrx_word' id='word_1_177' title='bbox 1681 2095 1893 2186; x_wconf 77' lang='lat' dir='ltr'>singultibus</span> <span class='ocrx_word' id='word_1_178' title='bbox 1909 2097 2053 2188; x_wconf 92' lang='lat' dir='ltr'>impulit</span> <span class='ocrx_word' id='word_1_179' title='bbox 2070 2121 2185 2169; x_wconf 87' lang='lat' dir='ltr'>auras.</span> 
     </span>
    </p>

    <p class='ocr_par' dir='ltr' id='par_1_4' title="bbox 381 2193 2231 2291">
     <span class='ocr_line' id='line_1_16' title="bbox 381 2193 2231 2291; baseline -0.002 -20"><span class='ocrx_word' id='word_1_180' title='bbox 381 2201 469 2271; x_wconf 81' lang='lat' dir='ltr'>Mox</span> <span class='ocrx_word' id='word_1_181' title='bbox 492 2225 530 2272; x_wconf 89' lang='lat' dir='ltr'>se</span> <span class='ocrx_word' id='word_1_182' title='bbox 550 2225 780 2291; x_wconf 85' lang='lat' dir='ltr'>congressum</span> <span class='ocrx_word' id='word_1_183' title='bbox 801 2201 840 2270; x_wconf 91' lang='lat' dir='ltr'>in</span> <span class='ocrx_word' id='word_1_184' title='bbox 854 2201 1015 2273; x_wconf 84' lang='lat' dir='ltr'>medium</span> <span class='ocrx_word' id='word_1_185' title='bbox 1032 2200 1115 2270; x_wconf 89' lang='lat' dir='ltr'>tulit</span> <span class='ocrx_word' id='word_1_186' title='bbox 1128 2196 1269 2267; x_wconf 82' lang='lat' dir='ltr'>aemula</span> <span class='ocrx_word' id='word_1_187' title='bbox 1323 2193 1464 2262; x_wconf 81' lang='lat' dir='ltr'>inventi</span> <span class='ocrx_word' id='word_1_188' title='bbox 1480 2207 1600 2264; x_wconf 90' lang='lat' dir='ltr'>tamen</span> <span class='ocrx_word' id='word_1_189' title='bbox 1617 2197 1751 2265; x_wconf 86' lang='lat' dir='ltr'>interea</span> <span class='ocrx_word' id='word_1_190' title='bbox 1769 2197 1832 2290; x_wconf 90' lang='lat' dir='ltr'>qui</span> <span class='ocrx_word' id='word_1_191' title='bbox 1850 2198 1981 2289; x_wconf 81' lang='lat' dir='ltr'>pingue</span> <span class='ocrx_word' id='word_1_192' title='bbox 1996 2212 2231 2270; x_wconf 82' lang='lat' dir='ltr'>sonantem</span> 
     </span>
    </p>

    <p class='ocr_par' dir='ltr' id='par_1_5' title="bbox 280 2234 2376 3003">
     <span class='ocr_line' id='line_1_17' title="bbox 366 2234 2295 2387; baseline 0.004 -23"><span class='ocrx_word' id='word_1_193' title='bbox 366 2356 379 2367; x_wconf 95' lang='grc'><em>.</em></span> <span class='ocrx_word' id='word_1_194' title='bbox 862 2303 1004 2384; x_wconf 84' lang='lat' dir='ltr'>Pica,</span> <span class='ocrx_word' id='word_1_195' title='bbox 1323 2294 1536 2387; x_wconf 81' lang='lat' dir='ltr'>Exciperent</span> <span class='ocrx_word' id='word_1_196' title='bbox 1550 2299 1698 2387; x_wconf 87' lang='lat' dir='ltr'>plausu,</span> <span class='ocrx_word' id='word_1_197' title='bbox 1725 2301 1810 2368; x_wconf 92' lang='lat' dir='ltr'>dum</span> <span class='ocrx_word' id='word_1_198' title='bbox 1826 2300 1971 2369; x_wconf 85' lang='lat' dir='ltr'>flaccida</span> <span class='ocrx_word' id='word_1_199' title='bbox 1990 2299 2147 2370; x_wconf 84' lang='lat' dir='ltr'>earmina</span> <span class='ocrx_word' id='word_1_200' title='bbox 2164 2234 2295 2371; x_wconf 80' lang='lat' dir='ltr'>stultus</span> 
     </span>
     <span class='ocr_line' id='line_1_18' title="bbox 281 2352 2057 2497; baseline 0.001 -25"><span class='ocrx_word' id='word_1_201' title='bbox 281 2352 425 2497; x_wconf 81' lang='lat' dir='ltr'>Quique</span> <span class='ocrx_word' id='word_1_202' title='bbox 438 2358 585 2494; x_wconf 78' lang='lat' dir='ltr'>Merops</span> <span class='ocrx_word' id='word_1_203' title='bbox 600 2404 749 2479; x_wconf 82' lang='lat' dir='ltr'>maculis</span> <span class='ocrx_word' id='word_1_204' title='bbox 761 2407 907 2474; x_wconf 91' lang='lat' dir='ltr'>dorsum</span> <span class='ocrx_word' id='word_1_205' title='bbox 921 2404 1084 2470; x_wconf 85' lang='lat' dir='ltr'>variatur</span> <span class='ocrx_word' id='word_1_206' title='bbox 1097 2399 1271 2483; x_wconf 85' lang='lat' dir='ltr'>amoenis,</span> <span class='ocrx_word' id='word_1_207' title='bbox 1323 2397 1484 2468; x_wconf 83' lang='lat' dir='ltr'>Collibus</span> <span class='ocrx_word' id='word_1_208' title='bbox 1498 2412 1533 2467; x_wconf 89' lang='lat' dir='ltr'>et</span> <span class='ocrx_word' id='word_1_209' title='bbox 1544 2401 1637 2469; x_wconf 77' lang='lat' dir='ltr'>saxis</span> <span class='ocrx_word' id='word_1_210' title='bbox 1653 2401 1767 2469; x_wconf 89' lang='lat' dir='ltr'>deliro</span> <span class='ocrx_word' id='word_1_211' title='bbox 1781 2415 1907 2470; x_wconf 87' lang='lat' dir='ltr'>narrat</span> <span class='ocrx_word' id='word_1_212' title='bbox 1920 2405 1965 2471; x_wconf 90' lang='lat' dir='ltr'>ab</span> <span class='ocrx_word' id='word_1_213' title='bbox 1983 2426 2057 2474; x_wconf 91' lang='lat' dir='ltr'>ore.</span> 
     </span>
     <span class='ocr_line' id='line_1_19' title="bbox 280 2500 2289 2599; baseline 0.001 -24"><span class='ocrx_word' id='word_1_214' title='bbox 280 2508 333 2575; x_wconf 88' lang='lat' dir='ltr'>Ao</span> <span class='ocrx_word' id='word_1_215' title='bbox 349 2505 525 2575; x_wconf 83' lang='lat' dir='ltr'>Ululac</span> <span class='ocrx_word' id='word_1_216' title='bbox 495 2529 635 2595; x_wconf 80' lang='lat' dir='ltr'>riguam</span> <span class='ocrx_word' id='word_1_217' title='bbox 652 2505 730 2575; x_wconf 91' lang='lat' dir='ltr'>dira</span> <span class='ocrx_word' id='word_1_218' title='bbox 751 2528 942 2599; x_wconf 88' lang='lat' dir='ltr'>quaevoce</span> <span class='ocrx_word' id='word_1_219' title='bbox 961 2504 1117 2596; x_wconf 88' lang='lat' dir='ltr'>quietem</span> <span class='ocrx_word' id='word_1_220' title='bbox 1237 2572 1245 2585; x_wconf 55' lang='grc'><strong>,</strong></span> <span class='ocrx_word' id='word_1_221' title='bbox 1324 2500 1437 2570; x_wconf 92' lang='lat' dir='ltr'>Stulta</span> <span class='ocrx_word' id='word_1_222' title='bbox 1457 2502 1737 2591; x_wconf 88' lang='lat' dir='ltr'>placentvulgo,</span> <span class='ocrx_word' id='word_1_223' title='bbox 1764 2504 1889 2572; x_wconf 89' lang='lat' dir='ltr'>studiis</span> <span class='ocrx_word' id='word_1_224' title='bbox 1907 2506 2101 2573; x_wconf 87' lang='lat' dir='ltr'>certamina</span> <span class='ocrx_word' id='word_1_225' title='bbox 2118 2523 2289 2578; x_wconf 89' lang='lat' dir='ltr'>crescunt.</span> 
     </span>
     <span class='ocr_line' id='line_1_20' title="bbox 281 2595 2376 2696; baseline 0 -19"><span class='ocrx_word' id='word_1_226' title='bbox 281 2606 508 2689; x_wconf 79' lang='lat' dir='ltr'>Discutiunt,</span> <span class='ocrx_word' id='word_1_227' title='bbox 531 2608 653 2677; x_wconf 86' lang='lat' dir='ltr'>radios</span> <span class='ocrx_word' id='word_1_228' title='bbox 670 2631 796 2691; x_wconf 84' lang='lat' dir='ltr'>exosae</span> <span class='ocrx_word' id='word_1_229' title='bbox 812 2607 901 2676; x_wconf 89' lang='lat' dir='ltr'>lucis</span> <span class='ocrx_word' id='word_1_230' title='bbox 917 2618 1073 2696; x_wconf 89' lang='lat' dir='ltr'>apertae,</span> <span class='ocrx_word' id='word_1_231' title='bbox 1253 2646 1255 2651; x_wconf 93' lang='lat'>-</span> <span class='ocrx_word' id='word_1_232' title='bbox 1323 2601 1538 2672; x_wconf 78' lang='lat' dir='ltr'>Praesertim</span> <span class='ocrx_word' id='word_1_233' title='bbox 1556 2600 1695 2671; x_wconf 86' lang='lat' dir='ltr'>Merula</span> <span class='ocrx_word' id='word_1_234' title='bbox 1712 2606 1931 2695; x_wconf 84' lang='lat' dir='ltr'>applaudens</span> <span class='ocrx_word' id='word_1_235' title='bbox 1948 2602 2003 2675; x_wconf 91' lang='lat' dir='ltr'>his</span> <span class='ocrx_word' id='word_1_236' title='bbox 2019 2607 2164 2678; x_wconf 86' lang='lat' dir='ltr'>vocibus</span> <span class='ocrx_word' id='word_1_237' title='bbox 2178 2599 2297 2678; x_wconf 76' lang='grc' dir='ltr'>ἰιιιιιιΙ</span> <span class='ocrx_word' id='word_1_238' title='bbox 2370 2595 2376 2604; x_wconf 49' lang='grc'><strong>’</strong></span> 
     </span>
     <span class='ocr_line' id='line_1_21' title="bbox 281 2702 2295 2824; baseline 0 -46"><span class='ocrx_word' id='word_1_239' title='bbox 281 2710 430 2778; x_wconf 91' lang='lat' dir='ltr'>Addunt</span> <span class='ocrx_word' id='word_1_240' title='bbox 443 2733 480 2778; x_wconf 88' lang='lat' dir='ltr'>se</span> <span class='ocrx_word' id='word_1_241' title='bbox 494 2711 609 2778; x_wconf 87' lang='lat' dir='ltr'>socias</span> <span class='ocrx_word' id='word_1_242' title='bbox 623 2720 730 2803; x_wconf 88' lang='lat' dir='ltr'>atque</span> <span class='ocrx_word' id='word_1_243' title='bbox 746 2709 888 2800; x_wconf 88' lang='lat' dir='ltr'>agmina</span> <span class='ocrx_word' id='word_1_244' title='bbox 902 2707 1044 2777; x_wconf 81' lang='lat' dir='ltr'>conscia</span> <span class='ocrx_word' id='word_1_245' title='bbox 1056 2705 1210 2796; x_wconf 88' lang='lat' dir='ltr'>iungunt</span> <span class='ocrx_word' id='word_1_246' title='bbox 1252 2744 1255 2749; x_wconf 93' lang='lat'>·</span> <span class='ocrx_word' id='word_1_247' title='bbox 1323 2702 1393 2773; x_wconf 84' lang='lat' dir='ltr'>Fas</span> <span class='ocrx_word' id='word_1_248' title='bbox 1407 2704 1472 2773; x_wconf 88' lang='lat' dir='ltr'>tibi</span> <span class='ocrx_word' id='word_1_249' title='bbox 1489 2729 1547 2773; x_wconf 91' lang='lat' dir='ltr'>me</span> <span class='ocrx_word' id='word_1_250' title='bbox 1562 2705 1703 2775; x_wconf 87' lang='lat' dir='ltr'>cessisse</span> <span class='ocrx_word' id='word_1_251' title='bbox 1718 2707 1818 2788; x_wconf 90' lang='lat' dir='ltr'>loco</span> <span class='ocrx_word' id='word_1_252' title='bbox 1840 2708 1905 2775; x_wconf 92' lang='lat' dir='ltr'>tibi</span> <span class='ocrx_word' id='word_1_253' title='bbox 1920 2704 2057 2824; x_wconf 81' lang='lat' dir='ltr'>lupiter</span> <span class='ocrx_word' id='word_1_254' title='bbox 2073 2732 2207 2802; x_wconf 86' lang='lat' dir='ltr'>aequos</span> <span class='ocrx_word' id='word_1_255' title='bbox 2285 2717 2295 2735; x_wconf 80' lang='lat'><em>&#39;</em></span> 
     </span>
     <span class='ocr_line' id='line_1_22' title="bbox 283 2805 2300 2903; baseline -0.002 -20"><span class='ocrx_word' id='word_1_256' title='bbox 283 2811 457 2883; x_wconf 90' lang='lat' dir='ltr'>Cristatae</span> <span class='ocrx_word' id='word_1_257' title='bbox 474 2811 631 2891; x_wconf 87' lang='lat' dir='ltr'>volucri,</span> <span class='ocrx_word' id='word_1_258' title='bbox 657 2823 775 2881; x_wconf 90' lang='lat' dir='ltr'>rostro</span> <span class='ocrx_word' id='word_1_259' title='bbox 795 2834 887 2903; x_wconf 90' lang='lat' dir='ltr'>quae</span> <span class='ocrx_word' id='word_1_260' title='bbox 907 2809 1056 2898; x_wconf 82' lang='lat' dir='ltr'>clangit,</span> <span class='ocrx_word' id='word_1_261' title='bbox 1068 2807 1205 2876; x_wconf 67' lang='grc' dir='ltr'>4ιιιιιιι.</span> <span class='ocrx_word' id='word_1_262' title='bbox 1254 2854 1257 2861; x_wconf 87' lang='lat'>-</span> <span class='ocrx_word' id='word_1_263' title='bbox 1323 2805 1687 2896; x_wconf 86' lang='lat' dir='ltr'>Annuitimperium,</span> <span class='ocrx_word' id='word_1_264' title='bbox 1714 2821 1754 2877; x_wconf 93' lang='lat' dir='ltr'>tu</span> <span class='ocrx_word' id='word_1_265' title='bbox 1768 2810 1947 2879; x_wconf 85' lang='lat' dir='ltr'>nuneeris</span> <span class='ocrx_word' id='word_1_266' title='bbox 1964 2811 2054 2878; x_wconf 87' lang='lat' dir='ltr'>alter</span> <span class='ocrx_word' id='word_1_267' title='bbox 2071 2812 2208 2894; x_wconf 86' lang='lat' dir='ltr'>abillo,</span> <span class='ocrx_word' id='word_1_268' title='bbox 2279 2808 2300 2885; x_wconf 56' lang='lat' dir='ltr'>J·</span> 
     </span>
     <span class='ocr_line' id='line_1_23' title="bbox 282 2906 2259 3003; baseline 0.001 -22"><span class='ocrx_word' id='word_1_269' title='bbox 282 2913 427 3003; x_wconf 82' lang='lat' dir='ltr'>Plangrt</span> <span class='ocrx_word' id='word_1_270' title='bbox 442 2935 554 2981; x_wconf 83' lang='lat' dir='ltr'>ovans</span> <span class='ocrx_word' id='word_1_271' title='bbox 570 2913 633 2979; x_wconf 84' lang='lat' dir='ltr'>altr</span> <span class='ocrx_word' id='word_1_272' title='bbox 648 2913 815 2981; x_wconf 76' lang='lat' dir='ltr'>fumoso</span> <span class='ocrx_word' id='word_1_273' title='bbox 805 2936 844 2979; x_wconf 89' lang='lat' dir='ltr'>m</span> <span class='ocrx_word' id='word_1_274' title='bbox 861 2911 1016 2980; x_wconf 84' lang='lat' dir='ltr'>culmrnc</span> <span class='ocrx_word' id='word_1_275' title='bbox 1031 2909 1133 2999; x_wconf 84' lang='lat' dir='ltr'>trgm</span> <span class='ocrx_word' id='word_1_276' title='bbox 1185 2946 1206 2971; x_wconf 50' lang='lat'>1.</span> <span class='ocrx_word' id='word_1_277' title='bbox 1325 2906 1553 2998; x_wconf 86' lang='lat' dir='ltr'>Quamvistu</span> <span class='ocrx_word' id='word_1_278' title='bbox 1570 2932 1742 2999; x_wconf 85' lang='lat' dir='ltr'>urgeres</span> <span class='ocrx_word' id='word_1_279' title='bbox 1764 2933 1927 3003; x_wconf 81' lang='lat' dir='ltr'>quamvis</span> <span class='ocrx_word' id='word_1_280' title='bbox 1942 2911 1988 2981; x_wconf 91' lang='grc' dir='ltr'>ιιι</span> <span class='ocrx_word' id='word_1_281' title='bbox 2004 2913 2176 2982; x_wconf 79' lang='lat' dir='ltr'>candidus</span> <span class='ocrx_word' id='word_1_282' title='bbox 2189 2913 2259 2984; x_wconf 88' lang='lat' dir='ltr'>rlle</span> 
     </span>
    </p>

    <p class='ocr_par' dir='ltr' id='par_1_6' title="bbox 385 3006 2251 3123">
     <span class='ocr_line' id='line_1_24' title="bbox 385 3006 2251 3123; baseline 0.001 -41"><span class='ocrx_word' id='word_1_283' title='bbox 385 3013 485 3123; x_wconf 87' lang='lat' dir='ltr'>Pone</span> <span class='ocrx_word' id='word_1_284' title='bbox 524 3014 616 3082; x_wconf 90' lang='lat' dir='ltr'>latus</span> <span class='ocrx_word' id='word_1_285' title='bbox 650 3012 774 3082; x_wconf 89' lang='lat' dir='ltr'>Cuculi</span> <span class='ocrx_word' id='word_1_286' title='bbox 807 3013 979 3082; x_wconf 89' lang='lat' dir='ltr'>incedunt</span> <span class='ocrx_word' id='word_1_287' title='bbox 993 3034 1103 3102; x_wconf 87' lang='lat' dir='ltr'>quae</span> <span class='ocrx_word' id='word_1_288' title='bbox 1134 3006 1271 3102; x_wconf 89' lang='lat' dir='ltr'>liquida</span> <span class='ocrx_word' id='word_1_289' title='bbox 1324 3006 1373 3078; x_wconf 84' lang='lat' dir='ltr'>Et</span> <span class='ocrx_word' id='word_1_290' title='bbox 1380 3011 1562 3126; x_wconf 76' lang='lat' dir='ltr'>tevulgus</span> <span class='ocrx_word' id='word_1_291' title='bbox 1578 3025 1697 3094; x_wconf 87' lang='lat' dir='ltr'>amat,</span> <span class='ocrx_word' id='word_1_292' title='bbox 1724 3012 1832 3102; x_wconf 87' lang='lat' dir='ltr'>vulgo</span> <span class='ocrx_word' id='word_1_293' title='bbox 1848 3025 1908 3082; x_wconf 91' lang='lat' dir='ltr'>tua</span> <span class='ocrx_word' id='word_1_294' title='bbox 1925 3015 2083 3082; x_wconf 83' lang='lat' dir='ltr'>carmina</span> <span class='ocrx_word' id='word_1_295' title='bbox 2101 3038 2251 3085; x_wconf 80' lang='grc' dir='ltr'>ιιιιιιιι.Ι</span> 
     </span>
    </p>

    <p class='ocr_par' dir='ltr' id='par_1_7' title="bbox 906 3109 2252 3206">
     <span class='ocr_line' id='line_1_25' title="bbox 906 3109 2252 3206; baseline 0.003 -23"><span class='ocrx_word' id='word_1_296' title='bbox 906 3126 1030 3202; x_wconf 85' lang='lat' dir='ltr'>stagna</span> <span class='ocrx_word' id='word_1_297' title='bbox 1254 3109 1383 3180; x_wconf 80' lang='lat' dir='ltr'>&#39;l&#39;u</span> <span class='ocrx_word' id='word_1_298' title='bbox 1399 3112 1520 3201; x_wconf 86' lang='lat' dir='ltr'>pueris</span> <span class='ocrx_word' id='word_1_299' title='bbox 1537 3133 1708 3201; x_wconf 88' lang='lat' dir='ltr'>responsa</span> <span class='ocrx_word' id='word_1_300' title='bbox 1725 3114 1855 3197; x_wconf 87' lang='lat' dir='ltr'>refers,</span> <span class='ocrx_word' id='word_1_301' title='bbox 1881 3138 1960 3183; x_wconf 89' lang='lat' dir='ltr'>cum</span> <span class='ocrx_word' id='word_1_302' title='bbox 1978 3129 2141 3206; x_wconf 87' lang='lat' dir='ltr'>tempora</span> <span class='ocrx_word' id='word_1_303' title='bbox 2156 3117 2252 3187; x_wconf 86' lang='lat' dir='ltr'>vitae</span> 
     </span>
    </p>

    <p class='ocr_par' dir='ltr' id='par_1_8' title="bbox 285 3211 2305 4126">
     <span class='ocr_line' id='line_1_26' title="bbox 286 3211 2300 3308; baseline 0 -22"><span class='ocrx_word' id='word_1_304' title='bbox 286 3217 473 3286; x_wconf 90' lang='lat' dir='ltr'>Sectantur</span> <span class='ocrx_word' id='word_1_305' title='bbox 486 3215 668 3294; x_wconf 87' lang='lat' dir='ltr'>volucres,</span> <span class='ocrx_word' id='word_1_306' title='bbox 694 3236 807 3303; x_wconf 80' lang='lat' dir='ltr'>mergi</span> <span class='ocrx_word' id='word_1_307' title='bbox 797 3215 1021 3307; x_wconf 80' lang='lat' dir='ltr'>fulicaeque</span> <span class='ocrx_word' id='word_1_308' title='bbox 1037 3211 1210 3293; x_wconf 85' lang='lat' dir='ltr'>marinae,</span> <span class='ocrx_word' id='word_1_309' title='bbox 1325 3213 1499 3281; x_wconf 88' lang='lat' dir='ltr'>Scitatum</span> <span class='ocrx_word' id='word_1_310' title='bbox 1516 3214 1631 3283; x_wconf 86' lang='lat' dir='ltr'>balbis</span> <span class='ocrx_word' id='word_1_311' title='bbox 1646 3228 1809 3305; x_wconf 87' lang='lat' dir='ltr'>poscunt</span> <span class='ocrx_word' id='word_1_312' title='bbox 1811 3217 1954 3286; x_wconf 87' lang='lat' dir='ltr'>oracula</span> <span class='ocrx_word' id='word_1_313' title='bbox 1972 3215 2114 3308; x_wconf 88' lang='lat' dir='ltr'>linguis.</span> <span class='ocrx_word' id='word_1_314' title='bbox 2207 3254 2210 3263; x_wconf 61' lang='lat'><strong><em>¹</em></strong></span> <span class='ocrx_word' id='word_1_315' title='bbox 2296 3260 2300 3267; x_wconf 86' lang='lat'>.</span> 
     </span>
     <span class='ocr_line' id='line_1_27' title="bbox 285 3314 2296 3411; baseline 0.002 -24"><span class='ocrx_word' id='word_1_316' title='bbox 285 3319 440 3387; x_wconf 76' lang='lat' dir='ltr'>Antores</span> <span class='ocrx_word' id='word_1_317' title='bbox 453 3315 597 3405; x_wconf 83' lang='lat' dir='ltr'>pluviae</span> <span class='ocrx_word' id='word_1_318' title='bbox 611 3327 933 3409; x_wconf 82' lang='lat' dir='ltr'>tempestatumque</span> <span class='ocrx_word' id='word_1_319' title='bbox 950 3327 1154 3385; x_wconf 89' lang='lat' dir='ltr'>sonantum.</span> <span class='ocrx_word' id='word_1_320' title='bbox 1241 3361 1244 3366; x_wconf 93' lang='lat'>-</span> <span class='ocrx_word' id='word_1_321' title='bbox 1325 3314 1381 3386; x_wconf 91' lang='lat' dir='ltr'>Sis</span> <span class='ocrx_word' id='word_1_322' title='bbox 1395 3315 1511 3387; x_wconf 92' lang='lat' dir='ltr'>bonus</span> <span class='ocrx_word' id='word_1_323' title='bbox 1528 3339 1550 3384; x_wconf 96' lang='lat' dir='ltr'>o</span> <span class='ocrx_word' id='word_1_324' title='bbox 1564 3317 1743 3411; x_wconf 80' lang='lat' dir='ltr'>loelixque</span> <span class='ocrx_word' id='word_1_325' title='bbox 1757 3319 1846 3401; x_wconf 88' lang='lat' dir='ltr'>tuis,</span> <span class='ocrx_word' id='word_1_326' title='bbox 1870 3330 1930 3389; x_wconf 86' lang='lat' dir='ltr'>tua</span> <span class='ocrx_word' id='word_1_327' title='bbox 1945 3319 2022 3390; x_wconf 89' lang='lat' dir='ltr'>iura</span> <span class='ocrx_word' id='word_1_328' title='bbox 2039 3320 2199 3392; x_wconf 84' lang='lat' dir='ltr'>volentes</span> <span class='ocrx_word' id='word_1_329' title='bbox 2293 3370 2296 3376; x_wconf 92' lang='lat'><em>-</em></span> 
     </span>
     <span class='ocr_line' id='line_1_28' title="bbox 289 3413 2290 3512; baseline 0.001 -24"><span class='ocrx_word' id='word_1_330' title='bbox 289 3418 457 3488; x_wconf 88' lang='lat' dir='ltr'>Cernitur</span> <span class='ocrx_word' id='word_1_331' title='bbox 470 3413 536 3486; x_wconf 89' lang='lat' dir='ltr'>has</span> <span class='ocrx_word' id='word_1_332' title='bbox 551 3417 647 3485; x_wconf 90' lang='lat' dir='ltr'>inter</span> <span class='ocrx_word' id='word_1_333' title='bbox 662 3416 814 3485; x_wconf 88' lang='lat' dir='ltr'>Vulcani</span> <span class='ocrx_word' id='word_1_334' title='bbox 829 3417 1000 3487; x_wconf 90' lang='lat' dir='ltr'>subdolus</span> <span class='ocrx_word' id='word_1_335' title='bbox 1018 3417 1101 3497; x_wconf 90' lang='lat' dir='ltr'>ales,</span> <span class='ocrx_word' id='word_1_336' title='bbox 1324 3418 1549 3509; x_wconf 73' lang='lat' dir='ltr'>Accipimus,</span> <span class='ocrx_word' id='word_1_337' title='bbox 1574 3443 1640 3487; x_wconf 89' lang='lat' dir='ltr'>nec</span> <span class='ocrx_word' id='word_1_338' title='bbox 1654 3443 1721 3489; x_wconf 90' lang='lat' dir='ltr'>nos</span> <span class='ocrx_word' id='word_1_339' title='bbox 1734 3419 1870 3489; x_wconf 89' lang='lat' dir='ltr'>Cuculo</span> <span class='ocrx_word' id='word_1_340' title='bbox 1882 3445 2010 3512; x_wconf 87' lang='lat' dir='ltr'>parere</span> <span class='ocrx_word' id='word_1_341' title='bbox 2023 3423 2168 3512; x_wconf 87' lang='lat' dir='ltr'>pigebit.</span> <span class='ocrx_word' id='word_1_342' title='bbox 2262 3452 2266 3469; x_wconf 65' lang='grc' dir='ltr'>ι</span> <span class='ocrx_word' id='word_1_343' title='bbox 2286 3427 2290 3434; x_wconf 88' lang='grc'><strong>’</strong></span> 
     </span>
     <span class='ocr_line' id='line_1_29' title="bbox 289 3512 2297 3608; baseline 0.001 -17"><span class='ocrx_word' id='word_1_344' title='bbox 289 3519 516 3591; x_wconf 87' lang='lat' dir='ltr'>Clandestina</span> <span class='ocrx_word' id='word_1_345' title='bbox 530 3520 646 3588; x_wconf 83' lang='lat' dir='ltr'>ferens</span> <span class='ocrx_word' id='word_1_346' title='bbox 662 3518 796 3587; x_wconf 89' lang='lat' dir='ltr'>Coculo</span> <span class='ocrx_word' id='word_1_347' title='bbox 814 3518 982 3608; x_wconf 81' lang='lat' dir='ltr'>suffragia</span> <span class='ocrx_word' id='word_1_348' title='bbox 998 3512 1173 3585; x_wconf 84' lang='lat' dir='ltr'>Phoenix.</span> <span class='ocrx_word' id='word_1_349' title='bbox 1427 3520 1511 3591; x_wconf 89' lang='lat' dir='ltr'>Non</span> <span class='ocrx_word' id='word_1_350' title='bbox 1526 3520 1607 3589; x_wconf 91' lang='lat' dir='ltr'>tulit</span> <span class='ocrx_word' id='word_1_351' title='bbox 1621 3522 1771 3592; x_wconf 88' lang='lat' dir='ltr'>ulterius</span> <span class='ocrx_word' id='word_1_352' title='bbox 1786 3521 1910 3605; x_wconf 90' lang='lat' dir='ltr'>Bubo,</span> <span class='ocrx_word' id='word_1_353' title='bbox 1933 3526 1996 3593; x_wconf 92' lang='lat' dir='ltr'>sed</span> <span class='ocrx_word' id='word_1_354' title='bbox 2010 3524 2141 3594; x_wconf 89' lang='lat' dir='ltr'>talibus</span> <span class='ocrx_word' id='word_1_355' title='bbox 2154 3524 2247 3593; x_wconf 73' lang='lat' dir='ltr'>inliti</span> <span class='ocrx_word' id='word_1_356' title='bbox 2295 3543 2297 3550; x_wconf 86' lang='lat'>·</span> 
     </span>
     <span class='ocr_line' id='line_1_30' title="bbox 287 3613 2240 3713; baseline -0.001 -25"><span class='ocrx_word' id='word_1_357' title='bbox 287 3622 385 3688; x_wconf 85' lang='lat' dir='ltr'>Rara</span> <span class='ocrx_word' id='word_1_358' title='bbox 403 3620 477 3689; x_wconf 91' lang='lat' dir='ltr'>avis</span> <span class='ocrx_word' id='word_1_359' title='bbox 493 3620 552 3687; x_wconf 89' lang='lat' dir='ltr'>illa</span> <span class='ocrx_word' id='word_1_360' title='bbox 570 3620 714 3713; x_wconf 88' lang='lat' dir='ltr'>quidem</span> <span class='ocrx_word' id='word_1_361' title='bbox 732 3620 864 3688; x_wconf 90' lang='lat' dir='ltr'>circum</span> <span class='ocrx_word' id='word_1_362' title='bbox 883 3643 969 3689; x_wconf 89' lang='lat' dir='ltr'>cava</span> <span class='ocrx_word' id='word_1_363' title='bbox 987 3619 1128 3699; x_wconf 91' lang='lat' dir='ltr'>littora,</span> <span class='ocrx_word' id='word_1_364' title='bbox 1152 3613 1249 3686; x_wconf 85' lang='lat' dir='ltr'>saevi</span> <span class='ocrx_word' id='word_1_365' title='bbox 1326 3622 1411 3693; x_wconf 75' lang='lat' dir='ltr'>Non</span> <span class='ocrx_word' id='word_1_366' title='bbox 1427 3647 1450 3692; x_wconf 78' lang='grc' dir='ltr'>ο</span> <span class='ocrx_word' id='word_1_367' title='bbox 1464 3645 1539 3690; x_wconf 83' lang='lat' dir='ltr'>non</span> <span class='ocrx_word' id='word_1_368' title='bbox 1554 3622 1736 3706; x_wconf 66' lang='lat' dir='ltr'>volucres,</span> <span class='ocrx_word' id='word_1_369' title='bbox 1761 3648 1837 3692; x_wconf 80' lang='lat' dir='ltr'>non</span> <span class='ocrx_word' id='word_1_370' title='bbox 1852 3619 1920 3693; x_wconf 79' lang='lat' dir='ltr'>hoc</span> <span class='ocrx_word' id='word_1_371' title='bbox 1937 3625 2135 3694; x_wconf 65' lang='lat' dir='ltr'>rationibus</span> <span class='ocrx_word' id='word_1_372' title='bbox 2150 3627 2240 3696; x_wconf 72' lang='lat' dir='ltr'>ullisv</span> 
     </span>
     <span class='ocr_line' id='line_1_31' title="bbox 288 3719 2279 3818; baseline 0.004 -29"><span class='ocrx_word' id='word_1_373' title='bbox 288 3720 552 3816; x_wconf 85' lang='lat' dir='ltr'>Impatiensque</span> <span class='ocrx_word' id='word_1_374' title='bbox 570 3722 699 3805; x_wconf 90' lang='lat' dir='ltr'>maris,</span> <span class='ocrx_word' id='word_1_375' title='bbox 724 3745 790 3790; x_wconf 89' lang='lat' dir='ltr'>nec</span> <span class='ocrx_word' id='word_1_376' title='bbox 806 3720 1054 3793; x_wconf 86' lang='lat' dir='ltr'>consociabilis</span> <span class='ocrx_word' id='word_1_377' title='bbox 1069 3719 1146 3800; x_wconf 89' lang='lat' dir='ltr'>ulli,</span> <span class='ocrx_word' id='word_1_378' title='bbox 1327 3724 1413 3795; x_wconf 93' lang='lat' dir='ltr'>Sors</span> <span class='ocrx_word' id='word_1_379' title='bbox 1427 3725 1532 3806; x_wconf 86' lang='lat' dir='ltr'>velit,</span> <span class='ocrx_word' id='word_1_380' title='bbox 1558 3747 1578 3791; x_wconf 91' lang='lat' dir='ltr'>a</span> <span class='ocrx_word' id='word_1_381' title='bbox 1594 3724 1685 3795; x_wconf 84' lang='lat' dir='ltr'>divis</span> <span class='ocrx_word' id='word_1_382' title='bbox 1700 3727 1885 3795; x_wconf 89' lang='lat' dir='ltr'>meliorem</span> <span class='ocrx_word' id='word_1_383' title='bbox 1905 3728 2038 3818; x_wconf 88' lang='lat' dir='ltr'>poscite</span> <span class='ocrx_word' id='word_1_384' title='bbox 2056 3740 2224 3798; x_wconf 90' lang='lat' dir='ltr'>mentem.</span> <span class='ocrx_word' id='word_1_385' title='bbox 2277 3776 2279 3782; x_wconf 89' lang='lat'>-</span> 
     </span>
     <span class='ocr_line' id='line_1_32' title="bbox 288 3820 2253 3920; baseline 0 -30"><span class='ocrx_word' id='word_1_386' title='bbox 288 3820 456 3914; x_wconf 90' lang='lat' dir='ltr'>Improba</span> <span class='ocrx_word' id='word_1_387' title='bbox 473 3848 565 3916; x_wconf 85' lang='lat' dir='ltr'>quae</span> <span class='ocrx_word' id='word_1_388' title='bbox 580 3824 687 3893; x_wconf 88' lang='lat' dir='ltr'>solvit</span> <span class='ocrx_word' id='word_1_389' title='bbox 704 3823 894 3913; x_wconf 87' lang='lat' dir='ltr'>garritibus</span> <span class='ocrx_word' id='word_1_390' title='bbox 910 3847 994 3906; x_wconf 91' lang='lat' dir='ltr'>ora,</span> <span class='ocrx_word' id='word_1_391' title='bbox 1016 3820 1172 3891; x_wconf 85' lang='lat' dir='ltr'>volucri:</span> <span class='ocrx_word' id='word_1_392' title='bbox 1327 3826 1412 3897; x_wconf 84' lang='lat' dir='ltr'>Non</span> <span class='ocrx_word' id='word_1_393' title='bbox 1429 3850 1451 3894; x_wconf 85' lang='grc' dir='ltr'>ο</span> <span class='ocrx_word' id='word_1_394' title='bbox 1464 3847 1539 3897; x_wconf 81' lang='lat' dir='ltr'>non</span> <span class='ocrx_word' id='word_1_395' title='bbox 1554 3828 1736 3908; x_wconf 72' lang='lat' dir='ltr'>volucres,</span> <span class='ocrx_word' id='word_1_396' title='bbox 1760 3852 1834 3896; x_wconf 84' lang='lat' dir='ltr'>non</span> <span class='ocrx_word' id='word_1_397' title='bbox 1851 3832 1881 3899; x_wconf 63' lang='lat' dir='ltr'>si</span> <span class='ocrx_word' id='word_1_398' title='bbox 1896 3825 1984 3898; x_wconf 81' lang='lat' dir='ltr'>mihi</span> <span class='ocrx_word' id='word_1_399' title='bbox 1999 3827 2134 3920; x_wconf 73' lang='lat' dir='ltr'>Iupiter</span> <span class='ocrx_word' id='word_1_400' title='bbox 2148 3843 2253 3899; x_wconf 73' lang='lat' dir='ltr'>autor</span> 
     </span>
     <span class='ocr_line' id='line_1_33' title="bbox 289 3923 2305 4023; baseline 0.005 -32"><span class='ocrx_word' id='word_1_401' title='bbox 289 3925 458 3994; x_wconf 88' lang='lat' dir='ltr'>Attamen</span> <span class='ocrx_word' id='word_1_402' title='bbox 475 3926 662 4016; x_wconf 84' lang='lat' dir='ltr'>applaudit</span> <span class='ocrx_word' id='word_1_403' title='bbox 679 3924 835 4010; x_wconf 91' lang='lat' dir='ltr'>Cuculo,</span> <span class='ocrx_word' id='word_1_404' title='bbox 860 3950 926 3995; x_wconf 88' lang='lat' dir='ltr'>nec</span> <span class='ocrx_word' id='word_1_405' title='bbox 940 3925 1053 3996; x_wconf 88' lang='lat' dir='ltr'>secius</span> <span class='ocrx_word' id='word_1_406' title='bbox 1072 3924 1173 3993; x_wconf 89' lang='lat' dir='ltr'>illum</span> <span class='ocrx_word' id='word_1_407' title='bbox 1326 3927 1533 4020; x_wconf 90' lang='lat' dir='ltr'>Spondeat,</span> <span class='ocrx_word' id='word_1_408' title='bbox 1559 3923 1628 3997; x_wconf 90' lang='lat' dir='ltr'>hoc</span> <span class='ocrx_word' id='word_1_409' title='bbox 1644 3952 1783 4021; x_wconf 86' lang='lat' dir='ltr'>sperem</span> <span class='ocrx_word' id='word_1_410' title='bbox 1801 3955 1924 4021; x_wconf 88' lang='lat' dir='ltr'>pacem</span> <span class='ocrx_word' id='word_1_411' title='bbox 1940 3931 2146 4021; x_wconf 86' lang='lat' dir='ltr'>contingere</span> <span class='ocrx_word' id='word_1_412' title='bbox 2162 3955 2256 4023; x_wconf 86' lang='lat' dir='ltr'>rege.</span> <span class='ocrx_word' id='word_1_413' title='bbox 2301 3973 2305 3984; x_wconf 88' lang='lat'><strong>·</strong></span> 
     </span>
     <span class='ocr_line' id='line_1_34' title="bbox 290 4024 2303 4126; baseline 0.003 -30"><span class='ocrx_word' id='word_1_414' title='bbox 290 4024 368 4117; x_wconf 86' lang='lat' dir='ltr'>lpse</span> <span class='ocrx_word' id='word_1_415' title='bbox 384 4028 456 4096; x_wconf 91' lang='lat' dir='ltr'>suis</span> <span class='ocrx_word' id='word_1_416' title='bbox 472 4027 634 4116; x_wconf 91' lang='lat' dir='ltr'>plausum</span> <span class='ocrx_word' id='word_1_417' title='bbox 651 4028 866 4098; x_wconf 84' lang='lat' dir='ltr'>iacientibus</span> <span class='ocrx_word' id='word_1_418' title='bbox 880 4029 1009 4097; x_wconf 86' lang='lat' dir='ltr'>excitat</span> <span class='ocrx_word' id='word_1_419' title='bbox 1022 4026 1099 4109; x_wconf 87' lang='lat' dir='ltr'>alis,</span> <span class='ocrx_word' id='word_1_420' title='bbox 1328 4029 1631 4123; x_wconf 83' lang='lat' dir='ltr'>Quandoquidem</span> <span class='ocrx_word' id='word_1_421' title='bbox 1649 4055 1669 4099; x_wconf 87' lang='lat' dir='ltr'>a</span> <span class='ocrx_word' id='word_1_422' title='bbox 1686 4032 1790 4103; x_wconf 90' lang='lat' dir='ltr'>nobis</span> <span class='ocrx_word' id='word_1_423' title='bbox 1805 4034 1961 4104; x_wconf 88' lang='lat' dir='ltr'>fatorum</span> <span class='ocrx_word' id='word_1_424' title='bbox 1977 4035 2164 4126; x_wconf 82' lang='lat' dir='ltr'>exquirere</span> <span class='ocrx_word' id='word_1_425' title='bbox 2180 4058 2303 4104; x_wconf 88' lang='lat' dir='ltr'>sensus</span> 
     </span>
    </p>
   </div>
   <div class='ocr_carea' id='block_1_3' title="bbox 292 4128 2312 4322">
    <p class='ocr_par' dir='ltr' id='par_1_9' title="bbox 292 4128 2312 4322">
     <span class='ocr_line' id='line_1_35' title="bbox 292 4128 2312 4226; baseline 0.002 -27"><span class='ocrx_word' id='word_1_426' title='bbox 292 4129 409 4222; x_wconf 81' lang='lat' dir='ltr'>Quam</span> <span class='ocrx_word' id='word_1_427' title='bbox 424 4130 525 4197; x_wconf 83' lang='lat' dir='ltr'>faber</span> <span class='ocrx_word' id='word_1_428' title='bbox 541 4130 695 4199; x_wconf 89' lang='lat' dir='ltr'>admotis</span> <span class='ocrx_word' id='word_1_429' title='bbox 712 4131 774 4224; x_wconf 92' lang='lat' dir='ltr'>qui</span> <span class='ocrx_word' id='word_1_430' title='bbox 788 4130 933 4202; x_wconf 83' lang='lat' dir='ltr'>follibus</span> <span class='ocrx_word' id='word_1_431' title='bbox 947 4129 1076 4199; x_wconf 81' lang='lat' dir='ltr'>excitat</span> <span class='ocrx_word' id='word_1_432' title='bbox 1093 4128 1225 4217; x_wconf 88' lang='lat' dir='ltr'>ignem.</span> <span class='ocrx_word' id='word_1_433' title='bbox 1328 4133 1481 4224; x_wconf 85' lang='lat' dir='ltr'>Agmina</span> <span class='ocrx_word' id='word_1_434' title='bbox 1499 4145 1614 4203; x_wconf 87' lang='lat' dir='ltr'>vestra</span> <span class='ocrx_word' id='word_1_435' title='bbox 1630 4134 1765 4217; x_wconf 89' lang='lat' dir='ltr'>solent,</span> <span class='ocrx_word' id='word_1_436' title='bbox 1791 4159 1856 4205; x_wconf 86' lang='lat' dir='ltr'>nec</span> <span class='ocrx_word' id='word_1_437' title='bbox 1872 4160 1936 4205; x_wconf 90' lang='lat' dir='ltr'>vos</span> <span class='ocrx_word' id='word_1_438' title='bbox 1953 4136 2097 4205; x_wconf 89' lang='lat' dir='ltr'>latuisse</span> <span class='ocrx_word' id='word_1_439' title='bbox 2117 4138 2312 4226; x_wconf 82' lang='lat' dir='ltr'>putandum</span> 
     </span>
     <span class='ocr_line' id='line_1_36' title="bbox 392 4229 2013 4322; baseline -0.002 -21"><span class='ocrx_word' id='word_1_440' title='bbox 392 4231 496 4301; x_wconf 88' lang='lat' dir='ltr'>Stant</span> <span class='ocrx_word' id='word_1_441' title='bbox 519 4242 643 4301; x_wconf 89' lang='lat' dir='ltr'>contra</span> <span class='ocrx_word' id='word_1_442' title='bbox 668 4234 879 4302; x_wconf 88' lang='lat' dir='ltr'>innumerae</span> <span class='ocrx_word' id='word_1_443' title='bbox 902 4234 1064 4301; x_wconf 83' lang='lat' dir='ltr'>volucres</span> <span class='ocrx_word' id='word_1_444' title='bbox 1083 4229 1184 4322; x_wconf 90' lang='lat' dir='ltr'>queis</span> <span class='ocrx_word' id='word_1_445' title='bbox 1201 4248 1277 4295; x_wconf 86' lang='lat' dir='ltr'>car·</span> <span class='ocrx_word' id='word_1_446' title='bbox 1949 4251 2013 4321; x_wconf 67' lang='lat' dir='ltr'>est,</span> 
     </span>
    </p>
   </div>
   <div class='ocr_carea' id='block_1_4' title="bbox 912 4334 2164 4501">
    <p class='ocr_par' dir='ltr' id='par_1_10' title="bbox 912 4334 2164 4501">
     <span class='ocr_line' id='line_1_37' title="bbox 912 4334 2164 4501; baseline 0.007 -99"><span class='ocrx_word' id='word_1_447' title='bbox 912 4334 1011 4402; x_wconf 86' lang='lat' dir='ltr'>mino</span> <span class='ocrx_word' id='word_1_448' title='bbox 1032 4354 1148 4401; x_wconf 83' lang='lat' dir='ltr'>curae.</span> <span class='ocrx_word' id='word_1_449' title='bbox 1300 4340 1306 4501; x_wconf 69' lang='grc' dir='ltr'>Ι</span> <span class='ocrx_word' id='word_1_450' title='bbox 1329 4335 1438 4429; x_wconf 81' lang='lat' dir='ltr'>Quod</span> <span class='ocrx_word' id='word_1_451' title='bbox 1453 4336 1519 4404; x_wconf 87' lang='lat' dir='ltr'>lini</span> <span class='ocrx_word' id='word_1_452' title='bbox 1535 4348 1687 4427; x_wconf 87' lang='lat' dir='ltr'>segetem</span> <span class='ocrx_word' id='word_1_453' title='bbox 1704 4361 1870 4428; x_wconf 80' lang='lat' dir='ltr'>praecepi</span> <span class='ocrx_word' id='word_1_454' title='bbox 1860 4340 2036 4408; x_wconf 88' lang='lat' dir='ltr'>avellere</span> <span class='ocrx_word' id='word_1_455' title='bbox 2049 4339 2164 4425; x_wconf 91' lang='lat' dir='ltr'>sulcis,</span> 
     </span>
    </p>
   </div>
   <div class='ocr_carea' id='block_1_5' title="bbox 292 4391 2316 5351">
    <p class='ocr_par' dir='ltr' id='par_1_11' title="bbox 292 4391 2191 4528">
     <span class='ocr_line' id='line_1_38' title="bbox 292 4391 2191 4528; baseline 0.005 -26"><span class='ocrx_word' id='word_1_456' title='bbox 292 4391 506 4509; x_wconf 87' lang='lat' dir='ltr'>Praesertim</span> <span class='ocrx_word' id='word_1_457' title='bbox 523 4435 711 4525; x_wconf 89' lang='lat' dir='ltr'>Cuculo</span> <span class='ocrx_word' id='word_1_458' title='bbox 676 4460 770 4505; x_wconf 81' lang='lat' dir='ltr'>vires</span> <span class='ocrx_word' id='word_1_459' title='bbox 786 4435 939 4504; x_wconf 88' lang='lat' dir='ltr'>intendit</span> <span class='ocrx_word' id='word_1_460' title='bbox 955 4434 1107 4513; x_wconf 88' lang='lat' dir='ltr'>Alauda,</span> <span class='ocrx_word' id='word_1_461' title='bbox 1330 4439 1427 4508; x_wconf 91' lang='lat' dir='ltr'>Dum</span> <span class='ocrx_word' id='word_1_462' title='bbox 1446 4438 1545 4508; x_wconf 88' lang='lat' dir='ltr'>rudis</span> <span class='ocrx_word' id='word_1_463' title='bbox 1563 4440 1686 4528; x_wconf 85' lang='lat' dir='ltr'>exigua</span> <span class='ocrx_word' id='word_1_464' title='bbox 1703 4440 1863 4510; x_wconf 87' lang='lat' dir='ltr'>latuisset</span> <span class='ocrx_word' id='word_1_465' title='bbox 1878 4442 2000 4512; x_wconf 87' lang='lat' dir='ltr'>messis</span> <span class='ocrx_word' id='word_1_466' title='bbox 2014 4443 2051 4510; x_wconf 91' lang='lat' dir='ltr'>in</span> <span class='ocrx_word' id='word_1_467' title='bbox 2067 4438 2191 4525; x_wconf 90' lang='lat' dir='ltr'>herba,</span> 
     </span>
    </p>

    <p class='ocr_par' dir='ltr' id='par_1_12' title="bbox 292 4527 2258 4630">
     <span class='ocr_line' id='line_1_39' title="bbox 292 4527 2258 4630; baseline 0.001 -18"><span class='ocrx_word' id='word_1_468' title='bbox 292 4538 340 4612; x_wconf 83' lang='lat' dir='ltr'>Et</span> <span class='ocrx_word' id='word_1_469' title='bbox 354 4537 484 4606; x_wconf 79' lang='lat' dir='ltr'>victum</span> <span class='ocrx_word' id='word_1_470' title='bbox 501 4539 540 4605; x_wconf 88' lang='lat' dir='ltr'>in</span> <span class='ocrx_word' id='word_1_471' title='bbox 555 4540 777 4630; x_wconf 89' lang='lat' dir='ltr'>dumisquae</span> <span class='ocrx_word' id='word_1_472' title='bbox 793 4562 987 4628; x_wconf 85' lang='lat' dir='ltr'>carpere</span> <span class='ocrx_word' id='word_1_473' title='bbox 953 4527 1278 4626; x_wconf 68' lang='lat' dir='ltr'>gaudetAcanthis</span> <span class='ocrx_word' id='word_1_474' title='bbox 1329 4541 1383 4612; x_wconf 86' lang='lat' dir='ltr'>Ne</span> <span class='ocrx_word' id='word_1_475' title='bbox 1400 4565 1464 4611; x_wconf 86' lang='lat' dir='ltr'>vos</span> <span class='ocrx_word' id='word_1_476' title='bbox 1480 4553 1571 4608; x_wconf 82' lang='lat' dir='ltr'>texta</span> <span class='ocrx_word' id='word_1_477' title='bbox 1591 4542 1677 4608; x_wconf 92' lang='lat' dir='ltr'>olim</span> <span class='ocrx_word' id='word_1_478' title='bbox 1692 4536 1893 4630; x_wconf 87' lang='lat' dir='ltr'>traherent,</span> <span class='ocrx_word' id='word_1_479' title='bbox 1919 4556 1954 4612; x_wconf 89' lang='lat' dir='ltr'>et</span> <span class='ocrx_word' id='word_1_480' title='bbox 1969 4546 2068 4614; x_wconf 90' lang='lat' dir='ltr'>abire</span> <span class='ocrx_word' id='word_1_481' title='bbox 2084 4555 2258 4613; x_wconf 85' lang='lat' dir='ltr'>vetarent.</span> 
     </span>
    </p>

    <p class='ocr_par' dir='ltr' id='par_1_13' title="bbox 293 4638 2316 4739">
     <span class='ocr_line' id='line_1_40' title="bbox 293 4638 2316 4739; baseline 0.005 -31"><span class='ocrx_word' id='word_1_482' title='bbox 293 4642 412 4733; x_wconf 84' lang='lat' dir='ltr'>Atque</span> <span class='ocrx_word' id='word_1_483' title='bbox 430 4639 582 4709; x_wconf 88' lang='lat' dir='ltr'>alacrem</span> <span class='ocrx_word' id='word_1_484' title='bbox 598 4638 771 4729; x_wconf 85' lang='lat' dir='ltr'>Frrngrlla</span> <span class='ocrx_word' id='word_1_485' title='bbox 786 4664 919 4710; x_wconf 86' lang='lat' dir='ltr'>sonans</span> <span class='ocrx_word' id='word_1_486' title='bbox 934 4649 1058 4729; x_wconf 87' lang='lat' dir='ltr'>arguta</span> <span class='ocrx_word' id='word_1_487' title='bbox 1079 4648 1254 4716; x_wconf 90' lang='lat' dir='ltr'>tenorem,</span> <span class='ocrx_word' id='word_1_488' title='bbox 1332 4644 1454 4736; x_wconf 80' lang='lat' dir='ltr'>Quare</span> <span class='ocrx_word' id='word_1_489' title='bbox 1486 4642 1597 4733; x_wconf 86' lang='lat' dir='ltr'>agite,</span> <span class='ocrx_word' id='word_1_490' title='bbox 1632 4667 1673 4711; x_wconf 89' lang='lat' dir='ltr'>ac</span> <span class='ocrx_word' id='word_1_491' title='bbox 1703 4645 1833 4715; x_wconf 91' lang='lat' dir='ltr'>animis</span> <span class='ocrx_word' id='word_1_492' title='bbox 1861 4670 1954 4739; x_wconf 90' lang='lat' dir='ltr'>quae</span> <span class='ocrx_word' id='word_1_493' title='bbox 1982 4648 2098 4715; x_wconf 87' lang='lat' dir='ltr'>dicam</span> <span class='ocrx_word' id='word_1_494' title='bbox 2129 4646 2316 4738; x_wconf 81' lang='lat' dir='ltr'>expendite</span> 
     </span>
    </p>

    <p class='ocr_par' dir='ltr' id='par_1_14' title="bbox 294 4737 2087 4834">
     <span class='ocr_line' id='line_1_41' title="bbox 294 4737 2087 4834; baseline -0.002 -23"><span class='ocrx_word' id='word_1_495' title='bbox 294 4742 341 4811; x_wconf 91' lang='lat' dir='ltr'>Et</span> <span class='ocrx_word' id='word_1_496' title='bbox 358 4740 515 4811; x_wconf 89' lang='lat' dir='ltr'>Curruca</span> <span class='ocrx_word' id='word_1_497' title='bbox 531 4741 659 4811; x_wconf 90' lang='lat' dir='ltr'>timens</span> <span class='ocrx_word' id='word_1_498' title='bbox 674 4742 816 4834; x_wconf 87' lang='lat' dir='ltr'>ingrato</span> <span class='ocrx_word' id='word_1_499' title='bbox 833 4766 875 4811; x_wconf 82' lang='lat' dir='ltr'>ex</span> <span class='ocrx_word' id='word_1_500' title='bbox 892 4737 1032 4832; x_wconf 87' lang='lat' dir='ltr'>hospite</span> <span class='ocrx_word' id='word_1_501' title='bbox 1048 4752 1215 4827; x_wconf 88' lang='lat' dir='ltr'>stragem,</span> <span class='ocrx_word' id='word_1_502' title='bbox 1949 4750 2087 4819; x_wconf 64' lang='lat' dir='ltr'>vestris</span> 
     </span>
    </p>

    <p class='ocr_par' dir='ltr' id='par_1_15' title="bbox 295 4842 2315 4941">
     <span class='ocr_line' id='line_1_42' title="bbox 295 4842 2315 4941; baseline 0.003 -27"><span class='ocrx_word' id='word_1_503' title='bbox 295 4846 432 4914; x_wconf 92' lang='lat' dir='ltr'>Omnes</span> <span class='ocrx_word' id='word_1_504' title='bbox 445 4842 665 4912; x_wconf 88' lang='lat' dir='ltr'>dulcisonam</span> <span class='ocrx_word' id='word_1_505' title='bbox 681 4845 775 4916; x_wconf 89' lang='lat' dir='ltr'>votis</span> <span class='ocrx_word' id='word_1_506' title='bbox 789 4845 937 4913; x_wconf 90' lang='lat' dir='ltr'>Aedona</span> <span class='ocrx_word' id='word_1_507' title='bbox 957 4842 1138 4933; x_wconf 89' lang='lat' dir='ltr'>petebant.</span> <span class='ocrx_word' id='word_1_508' title='bbox 1331 4846 1415 4917; x_wconf 90' lang='lat' dir='ltr'>Nou</span> <span class='ocrx_word' id='word_1_509' title='bbox 1430 4845 1602 4916; x_wconf 91' lang='lat' dir='ltr'>Cuculum</span> <span class='ocrx_word' id='word_1_510' title='bbox 1621 4871 1663 4916; x_wconf 80' lang='lat' dir='ltr'>ex</span> <span class='ocrx_word' id='word_1_511' title='bbox 1679 4849 1787 4939; x_wconf 87' lang='lat' dir='ltr'>adyto</span> <span class='ocrx_word' id='word_1_512' title='bbox 1801 4861 1933 4933; x_wconf 88' lang='lat' dir='ltr'>sortes,</span> <span class='ocrx_word' id='word_1_513' title='bbox 1958 4875 2033 4919; x_wconf 92' lang='lat' dir='ltr'>non</span> <span class='ocrx_word' id='word_1_514' title='bbox 2048 4851 2201 4941; x_wconf 90' lang='lat' dir='ltr'>plurima</span> <span class='ocrx_word' id='word_1_515' title='bbox 2216 4855 2315 4922; x_wconf 87' lang='lat' dir='ltr'>coelo</span> 
     </span>
    </p>

    <p class='ocr_par' dir='ltr' id='par_1_16' title="bbox 295 4936 2316 5044">
     <span class='ocr_line' id='line_1_43' title="bbox 295 4936 2316 5044; baseline -0.003 -28"><span class='ocrx_word' id='word_1_516' title='bbox 295 4944 396 5016; x_wconf 89' lang='lat' dir='ltr'>Illam</span> <span class='ocrx_word' id='word_1_517' title='bbox 415 4947 520 5015; x_wconf 90' lang='lat' dir='ltr'>laude</span> <span class='ocrx_word' id='word_1_518' title='bbox 536 4941 688 5029; x_wconf 83' lang='lat' dir='ltr'>vehunt,</span> <span class='ocrx_word' id='word_1_519' title='bbox 716 4958 870 5038; x_wconf 86' lang='lat' dir='ltr'>praestet</span> <span class='ocrx_word' id='word_1_520' title='bbox 883 4944 968 5038; x_wconf 92' lang='lat' dir='ltr'>quia</span> <span class='ocrx_word' id='word_1_521' title='bbox 983 4944 1088 5012; x_wconf 90' lang='lat' dir='ltr'>laude</span> <span class='ocrx_word' id='word_1_522' title='bbox 1105 4936 1267 5008; x_wconf 91' lang='lat' dir='ltr'>canendi.</span> <span class='ocrx_word' id='word_1_523' title='bbox 1332 4950 1493 5020; x_wconf 67' lang='lat' dir='ltr'>Monstra</span> <span class='ocrx_word' id='word_1_524' title='bbox 1516 4952 1639 5019; x_wconf 67' lang='lat' dir='ltr'>,inunt</span> <span class='ocrx_word' id='word_1_525' title='bbox 1663 4948 1835 5021; x_wconf 65' lang='lat' dir='ltr'>cuculum</span> <span class='ocrx_word' id='word_1_526' title='bbox 1859 4954 2022 5044; x_wconf 57' lang='lat' dir='ltr'>gregibus</span> <span class='ocrx_word' id='word_1_527' title='bbox 2045 4954 2162 5023; x_wconf 65' lang='lat' dir='ltr'>dare</span> <span class='ocrx_word' id='word_1_528' title='bbox 2151 4979 2229 5023; x_wconf 65' lang='lat' dir='ltr'>mm</span> <span class='ocrx_word' id='word_1_529' title='bbox 2253 4980 2316 5024; x_wconf 74' lang='lat' dir='ltr'>vo.</span> 
     </span>
    </p>

    <p class='ocr_par' dir='ltr' id='par_1_17' title="bbox 295 5040 2101 5146">
     <span class='ocr_line' id='line_1_44' title="bbox 295 5040 2101 5146; baseline -0.001 -32"><span class='ocrx_word' id='word_1_530' title='bbox 295 5048 430 5119; x_wconf 87' lang='lat' dir='ltr'>Verum</span> <span class='ocrx_word' id='word_1_531' title='bbox 447 5043 535 5115; x_wconf 91' lang='lat' dir='ltr'>haec</span> <span class='ocrx_word' id='word_1_532' title='bbox 550 5071 623 5124; x_wconf 83' lang='lat' dir='ltr'>uon</span> <span class='ocrx_word' id='word_1_533' title='bbox 641 5049 754 5117; x_wconf 91' lang='lat' dir='ltr'>voluit</span> <span class='ocrx_word' id='word_1_534' title='bbox 767 5073 802 5118; x_wconf 89' lang='lat' dir='ltr'>se</span> <span class='ocrx_word' id='word_1_535' title='bbox 820 5047 976 5117; x_wconf 90' lang='lat' dir='ltr'>coetibus</span> <span class='ocrx_word' id='word_1_536' title='bbox 999 5047 1128 5113; x_wconf 90' lang='lat' dir='ltr'>addere</span> <span class='ocrx_word' id='word_1_537' title='bbox 1148 5040 1280 5146; x_wconf 88' lang='lat' dir='ltr'>pravis,</span> <span class='ocrx_word' id='word_1_538' title='bbox 1952 5056 2101 5125; x_wconf 72' lang='lat' dir='ltr'>lantum</span> 
     </span>
    </p>

    <p class='ocr_par' dir='ltr' id='par_1_18' title="bbox 296 5149 2315 5351">
     <span class='ocr_line' id='line_1_45' title="bbox 296 5149 2315 5249; baseline 0.006 -35"><span class='ocrx_word' id='word_1_539' title='bbox 296 5150 396 5219; x_wconf 88' lang='lat' dir='ltr'>Vidit</span> <span class='ocrx_word' id='word_1_540' title='bbox 411 5149 505 5217; x_wconf 93' lang='lat' dir='ltr'>enim</span> <span class='ocrx_word' id='word_1_541' title='bbox 523 5149 695 5218; x_wconf 89' lang='lat' dir='ltr'>Cuculum</span> <span class='ocrx_word' id='word_1_542' title='bbox 718 5173 848 5240; x_wconf 88' lang='lat' dir='ltr'>magna</span> <span class='ocrx_word' id='word_1_543' title='bbox 866 5149 1017 5217; x_wconf 89' lang='lat' dir='ltr'>volitare</span> <span class='ocrx_word' id='word_1_544' title='bbox 1031 5159 1185 5216; x_wconf 71' lang='lat' dir='ltr'>caterva·</span> <span class='ocrx_word' id='word_1_545' title='bbox 1332 5154 1417 5224; x_wconf 90' lang='lat' dir='ltr'>Sors</span> <span class='ocrx_word' id='word_1_546' title='bbox 1433 5155 1552 5222; x_wconf 91' lang='lat' dir='ltr'>cadit</span> <span class='ocrx_word' id='word_1_547' title='bbox 1542 5178 1580 5222; x_wconf 89' lang='lat' dir='ltr'>m</span> <span class='ocrx_word' id='word_1_548' title='bbox 1598 5154 1764 5237; x_wconf 88' lang='lat' dir='ltr'>Gallum,</span> <span class='ocrx_word' id='word_1_549' title='bbox 1789 5180 1946 5249; x_wconf 87' lang='lat' dir='ltr'>namque</span> <span class='ocrx_word' id='word_1_550' title='bbox 1961 5158 2061 5227; x_wconf 93' lang='lat' dir='ltr'>illum</span> <span class='ocrx_word' id='word_1_551' title='bbox 2079 5181 2223 5248; x_wconf 89' lang='lat' dir='ltr'>poscere</span> <span class='ocrx_word' id='word_1_552' title='bbox 2245 5158 2315 5227; x_wconf 84' lang='lat' dir='ltr'>lata</span> 
     </span>
     <span class='ocr_line' id='line_1_46' title="bbox 400 5247 2260 5351; baseline 0.005 -31"><span class='ocrx_word' id='word_1_553' title='bbox 400 5252 496 5320; x_wconf 83' lang='lat' dir='ltr'>Tum</span> <span class='ocrx_word' id='word_1_554' title='bbox 530 5273 702 5344; x_wconf 88' lang='lat' dir='ltr'>quassans</span> <span class='ocrx_word' id='word_1_555' title='bbox 736 5265 843 5343; x_wconf 90' lang='lat' dir='ltr'>caput</span> <span class='ocrx_word' id='word_1_556' title='bbox 870 5247 957 5321; x_wconf 90' lang='lat' dir='ltr'>haec</span> <span class='ocrx_word' id='word_1_557' title='bbox 983 5250 1122 5342; x_wconf 83' lang='lat' dir='ltr'>Coccyx</span> <span class='ocrx_word' id='word_1_558' title='bbox 1149 5269 1191 5314; x_wconf 75' lang='lat' dir='ltr'>ex</span> <span class='ocrx_word' id='word_1_559' title='bbox 1218 5266 1280 5313; x_wconf 69' lang='lat'>⁰10</span> <span class='ocrx_word' id='word_1_560' title='bbox 1332 5256 1378 5326; x_wconf 86' lang='lat' dir='ltr'>Et</span> <span class='ocrx_word' id='word_1_561' title='bbox 1395 5280 1497 5336; x_wconf 88' lang='lat' dir='ltr'>reor,</span> <span class='ocrx_word' id='word_1_562' title='bbox 1524 5269 1558 5324; x_wconf 87' lang='lat' dir='ltr'>et</span> <span class='ocrx_word' id='word_1_563' title='bbox 1573 5256 1718 5325; x_wconf 84' lang='lat' dir='ltr'>momus</span> <span class='ocrx_word' id='word_1_564' title='bbox 1732 5282 1762 5326; x_wconf 87' lang='grc' dir='ltr'>ιι</span> <span class='ocrx_word' id='word_1_565' title='bbox 1779 5282 1859 5350; x_wconf 79' lang='lat' dir='ltr'>quis</span> <span class='ocrx_word' id='word_1_566' title='bbox 1872 5260 1970 5330; x_wconf 90' lang='lat' dir='ltr'>locus</span> <span class='ocrx_word' id='word_1_567' title='bbox 1985 5262 2157 5351; x_wconf 88' lang='lat' dir='ltr'>amplius,</span> <span class='ocrx_word' id='word_1_568' title='bbox 2182 5284 2260 5337; x_wconf 85' lang='lat' dir='ltr'>oro.</span> 
     </span>
    </p>
   </div>
   <div class='ocr_carea' id='block_1_6' title="bbox 298 5352 2318 5550">
    <p class='ocr_par' dir='ltr' id='par_1_19' title="bbox 298 5352 2318 5550">
     <span class='ocr_line' id='line_1_47' title="bbox 908 5352 2318 5453; baseline 0.001 -25"><span class='ocrx_word' id='word_1_569' title='bbox 908 5352 1085 5445; x_wconf 76' lang='lat' dir='ltr'>pr0fudil·</span> <span class='ocrx_word' id='word_1_570' title='bbox 1333 5360 1456 5453; x_wconf 84' lang='lat' dir='ltr'>Non⁴)</span> <span class='ocrx_word' id='word_1_571' title='bbox 1479 5382 1606 5429; x_wconf 93' lang='lat' dir='ltr'>somno</span> <span class='ocrx_word' id='word_1_572' title='bbox 1633 5358 1811 5448; x_wconf 90' lang='lat' dir='ltr'>indulget,</span> <span class='ocrx_word' id='word_1_573' title='bbox 1837 5363 1913 5430; x_wconf 91' lang='lat' dir='ltr'>sed</span> <span class='ocrx_word' id='word_1_574' title='bbox 1910 5387 1996 5431; x_wconf 89' lang='lat' dir='ltr'>cum</span> <span class='ocrx_word' id='word_1_575' title='bbox 2014 5364 2222 5453; x_wconf 89' lang='lat' dir='ltr'>intempesta</span> <span class='ocrx_word' id='word_1_576' title='bbox 2239 5363 2318 5433; x_wconf 89' lang='lat' dir='ltr'>silet</span> 
     </span>
     <span class='ocr_line' id='line_1_48' title="bbox 298 5451 2032 5550; baseline -0.003 -26"><span class='ocrx_word' id='word_1_577' title='bbox 298 5454 383 5525; x_wconf 89' lang='lat' dir='ltr'>Non</span> <span class='ocrx_word' id='word_1_578' title='bbox 397 5456 495 5537; x_wconf 89' lang='lat' dir='ltr'>latet,</span> <span class='ocrx_word' id='word_1_579' title='bbox 511 5479 532 5522; x_wconf 96' lang='lat' dir='ltr'>o</span> <span class='ocrx_word' id='word_1_580' title='bbox 548 5455 723 5537; x_wconf 87' lang='lat' dir='ltr'>volucres,</span> <span class='ocrx_word' id='word_1_581' title='bbox 740 5456 901 5547; x_wconf 88' lang='lat' dir='ltr'>Cygnum</span> <span class='ocrx_word' id='word_1_582' title='bbox 917 5458 1014 5549; x_wconf 93' lang='lat' dir='ltr'>quod</span> <span class='ocrx_word' id='word_1_583' title='bbox 1028 5456 1099 5522; x_wconf 84' lang='lat' dir='ltr'>fata</span> <span class='ocrx_word' id='word_1_584' title='bbox 1112 5451 1282 5528; x_wconf 89' lang='lat' dir='ltr'>tulerunt,</span> <span class='ocrx_word' id='word_1_585' title='bbox 1950 5489 2032 5550; x_wconf 65' lang='lat'>110¹,</span> 
     </span>
    </p>
   </div>
   <div class='ocr_carea' id='block_1_7' title="bbox 298 5555 1148 5648">
    <p class='ocr_par' dir='ltr' id='par_1_20' title="bbox 298 5555 1148 5648">
     <span class='ocr_line' id='line_1_49' title="bbox 298 5555 1148 5648; baseline -0.001 -24"><span class='ocrx_word' id='word_1_586' title='bbox 298 5555 416 5648; x_wconf 91' lang='lat' dir='ltr'>Atque</span> <span class='ocrx_word' id='word_1_587' title='bbox 429 5557 509 5625; x_wconf 89' lang='lat' dir='ltr'>ideo</span> <span class='ocrx_word' id='word_1_588' title='bbox 527 5558 645 5648; x_wconf 85' lang='lat' dir='ltr'>regnis</span> <span class='ocrx_word' id='word_1_589' title='bbox 663 5558 846 5627; x_wconf 91' lang='lat' dir='ltr'>ductorem</span> <span class='ocrx_word' id='word_1_590' title='bbox 862 5582 1008 5647; x_wconf 88' lang='lat' dir='ltr'>poscere</span> <span class='ocrx_word' id='word_1_591' title='bbox 1023 5567 1148 5637; x_wconf 83' lang='lat' dir='ltr'>sortes,</span> 
     </span>
    </p>
   </div>
   <div class='ocr_carea' id='block_1_8' title="bbox 304 5689 2011 5872">
    <p class='ocr_par' dir='ltr' id='par_1_21' title="bbox 304 5689 2011 5872">
     <span class='ocr_line' id='line_1_50' title="bbox 304 5689 2011 5802; baseline 0.007 -50"><span class='ocrx_word' id='word_1_592' title='bbox 304 5715 364 5725; x_wconf 81' lang='grc'>-</span> <span class='ocrx_word' id='word_1_593' title='bbox 1307 5689 1313 5802; x_wconf 61' lang='grc' dir='ltr'>ι</span> <span class='ocrx_word' id='word_1_594' title='bbox 1370 5711 1402 5767; x_wconf 86' lang='grc' dir='ltr'>ιι)</span> <span class='ocrx_word' id='word_1_595' title='bbox 1421 5707 1561 5776; x_wconf 74' lang='lat' dir='ltr'>reparato]</span> <span class='ocrx_word' id='word_1_596' title='bbox 1579 5712 1619 5760; x_wconf 84' lang='lat' dir='ltr'>alc</span> <span class='ocrx_word' id='word_1_597' title='bbox 1635 5711 1742 5772; x_wconf 78' lang='lat' dir='ltr'>tro..;2</span> <span class='ocrx_word' id='word_1_598' title='bbox 1769 5711 1819 5763; x_wconf 74' lang='lat' dir='ltr'>td.</span> <span class='ocrx_word' id='word_1_599' title='bbox 1836 5713 1860 5764; x_wconf 90' lang='grc' dir='ltr'>ι.</span> <span class='ocrx_word' id='word_1_600' title='bbox 1878 5725 2011 5776; x_wconf 73' lang='lat' dir='ltr'>reparare</span> 
     </span>
     <span class='ocr_line' id='line_1_51' title="bbox 335 5793 1864 5872; baseline -0.002 -17"><span class='ocrx_word' id='word_1_601' title='bbox 335 5803 367 5867; x_wconf 77' lang='lat' dir='ltr'>e)</span> <span class='ocrx_word' id='word_1_602' title='bbox 386 5806 478 5866; x_wconf 77' lang='lat' dir='ltr'>vanc]</span> <span class='ocrx_word' id='word_1_603' title='bbox 495 5804 537 5856; x_wconf 78' lang='grc' dir='ltr'>ιιι</span> <span class='ocrx_word' id='word_1_604' title='bbox 556 5807 658 5872; x_wconf 59' lang='lat' dir='ltr'>nora</span> <span class='ocrx_word' id='word_1_605' title='bbox 685 5806 735 5861; x_wconf 83' lang='grc' dir='ltr'>ιι.</span> <span class='ocrx_word' id='word_1_606' title='bbox 749 5806 775 5858; x_wconf 85' lang='grc' dir='ltr'>ι.</span> <span class='ocrx_word' id='word_1_607' title='bbox 793 5804 893 5856; x_wconf 71' lang='lat' dir='ltr'>vum·</span> <span class='ocrx_word' id='word_1_608' title='bbox 1308 5815 1313 5843; x_wconf 77' lang='grc' dir='ltr'>ι</span> <span class='ocrx_word' id='word_1_609' title='bbox 1370 5793 1402 5860; x_wconf 86' lang='lat'>⁴)</span> <span class='ocrx_word' id='word_1_610' title='bbox 1421 5796 1497 5854; x_wconf 77' lang='lat' dir='ltr'>Non]</span> <span class='ocrx_word' id='word_1_611' title='bbox 1515 5796 1555 5846; x_wconf 74' lang='lat' dir='ltr'>uto</span> <span class='ocrx_word' id='word_1_612' title='bbox 1571 5797 1676 5858; x_wconf 64' lang='lat' dir='ltr'>ram</span> <span class='ocrx_word' id='word_1_613' title='bbox 1702 5797 1749 5847; x_wconf 75' lang='grc' dir='ltr'>ιι</span> <span class='ocrx_word' id='word_1_614' title='bbox 1763 5796 1789 5847; x_wconf 77' lang='lat'>².</span> <span class='ocrx_word' id='word_1_615' title='bbox 1808 5797 1864 5846; x_wconf 75' lang='lat' dir='ltr'>Neo</span> 
     </span>
    </p>
   </div>
   <div class='ocr_carea' id='block_1_9' title="bbox 305 5863 1801 5954">
    <p class='ocr_par' dir='ltr' id='par_1_22' title="bbox 305 5863 1801 5978">
     <span class='ocr_line' id='line_1_52' title="bbox 305 5863 1801 5954; baseline -0.013 0"><span class='ocrx_word' id='word_1_616' title='bbox 305 5888 489 5954; x_wconf 70' lang='lat' dir='ltr'>simma.</span> <span class='ocrx_word' id='word_1_617' title='bbox 512 5889 618 5952; x_wconf 78' lang='grc' dir='ltr'><strong>Οιιιι.</strong></span> <span class='ocrx_word' id='word_1_618' title='bbox 652 5889 736 5952; x_wconf 79' lang='lat' dir='ltr'>Vos..</span> <span class='ocrx_word' id='word_1_619' title='bbox 759 5886 834 5949; x_wconf 75' lang='lat' dir='ltr'>XX.</span> <span class='ocrx_word' id='word_1_620' title='bbox 1753 5863 1801 5934; x_wconf 87' lang='grc'>49</span> 
     </span>
    </p>
   </div>
   <div class='ocr_carea' id='block_1_10' title="bbox 0 0 2799 6692">
    <p class='ocr_par' dir='ltr' id='par_1_23' title="bbox 0 0 2799 6692">
     <span class='ocr_line' id='line_1_53' title="bbox 0 0 2799 6692; baseline 0 0"><span class='ocrx_word' id='word_1_621' title='bbox 0 0 2799 6692; x_wconf 95' lang='lat' dir='ltr'> </span> 
     </span>
    </p>
   </div>
  </div>
 </body>
</html>
