5534 6700
266 635 353 710 m:

262 805 399 876 ldcirco
414 828 579 875 resonam
596 806 680 899 quia
699 816 850 894 poscunt
865 806 937 873 fata
955 805 1149 887 volucrem,

261 907 448 976 Debentur
461 907 591 976 merito
605 903 825 975 Philomelae
839 930 947 996 regna
966 929 1131 975 canorae.
1218 966 1222 977 .

893 632 1250 713 ADDlTAMBNTA
1273 633 1342 706 AD
1367 633 1508 707 VOLL.
1535 633 1661 707 1-·tt

2212 635 2291 709 774

1298 802 1390 874 Ecce
1405 817 1524 875 autem
1540 800 1741 873 Philomela
1758 816 1838 873 tuos
1854 815 2042 899 postquam
2058 799 2178 873 hausit
2191 817 2297 874 uter·-

1908 927 1977 996 que

261 1009 336 1080 Nec
351 1034 408 1077 me
422 1009 610 1101 quisquam
627 1008 746 1097 adiget
755 1031 883 1076 vocem
903 1019 1055 1091 mutare,
1076 1008 1257 1100 piumque¹
1300 1004 1521 1089 Coucentus,
1546 1019 1583 1074 et
1595 1030 1666 1074 vox
1682 1005 1815 1091 offensa
1830 1005 2030 1075 resultatin
2046 1027 2182 1085 aurem,
2291 1036 2297 1053 ι

263 1110 413 1181 Consilii
427 1113 571 1191 foedus,
596 1111 681 1178 dum
698 1109 843 1198 spiritus
857 1104 923 1180 hus
938 1123 1038 1200 reget
1054 1121 1164 1179 artus.

364 1213 502 1281 Annuit
517 1224 551 1280 et
565 1225 687 1302 partes
697 1211 896 1282 assensibus
912 1210 1037 1300 implet
1049 1205 1251 1291 Acanthis,'

262 1314 426 1382 Tandem
442 1335 557 1403 pauca
575 1313 700 1382 refert:
728 1336 793 1401 ego
810 1325 864 1394 te,
888 1336 980 1405 quae
996 1311 1111 1381 dulcia
1131 1323 1233 1400 grato

262 1414 343 1484 Ora
356 1438 447 1485 sono
463 1413 591 1495 solvis,
615 1436 801 1506 nunquam
817 1409 1014 1483 Philomela
1031 1413 1171 1502 negabo

1298 1107 1485 1197 llissuper
1500 1108 1636 1178 accensi
1653 1108 1796 1176 confusa
1812 1119 1930 1175 mente
1947 1107 2100 1176 ruebant

1297 1207 1338 1277 ln
1355 1209 1539 1290 fremitus,
1565 1209 1747 1301 quianam
1765 1220 1889 1278 cantus
1907 1231 2010 1276 exosa
2028 1219 2222 1298 strepentes

1298 1311 1396 1380 Gens
1412 1311 1531 1379 avium
1546 1312 1653 1379 docto
1668 1305 1889 1379 Philomelae
1906 1334 1949 1378 ex
1963 1332 2025 1378 ore
2041 1308 2221 1400 pependit.

1298 1411 1529 1504 Quapropter
1545 1412 1707 1480 volucres
1726 1412 1797 1479 iam
1814 1434 1937 1480 rursus
1953 1411 1990 1478 in
2008 1411 2151 1500 agmina
2168 1409 2246 1499 cogi
2290 1440 2293 1445 ·

259 1517 520 1598 Promeritam,
546 1539 613 1584 nec
624 1540 683 1584 me
698 1539 775 1584 mea
795 1516 953 1584 carmina
970 1516 1015 1586 ab
1029 1537 1094 1582 ore
1112 1512 1247 1605 pigebit
1295 1512 1423 1583 Edicto
1439 1512 1556 1596 iubet,
1581 1508 1650 1581 hae
1666 1525 1768 1581 coetu
1784 1512 1924 1581 subiere
1938 1512 2128 1604 frequenti,

261 1617 512 1709 Composuisse
528 1630 611 1699 tuo,
637 1641 702 1686 nec
717 1616 829 1686 Musis
844 1615 980 1706 gratior
996 1616 1069 1685 ulla
1084 1627 1150 1697 est,

260 1719 379 1811 Quam
396 1719 464 1789 sibi
476 1720 506 1789 si
519 1742 590 1812 qua
606 1732 706 1788 tuum
721 1717 947 1809 praescripsit
958 1717 1089 1808 pagina
1100 1738 1245 1785 nomen.

338 1882 342 1887 .
362 1821 459 1890 Tum
473 1821 523 1898 sic
539 1821 714 1891 incutiens
730 1820 855 1890 cristas
873 1820 1011 1909 excepit
1024 1815 1181 1889 Alauda:

259 1918 357 1990 ldem
379 1922 519 1992 animus
539 1921 661 2004 nobis,
686 1945 752 1990 nec
775 1922 843 1991 erit
865 1921 928 2013 qui
949 1922 1095 1990 tendere
1119 1930 1243 1989 contra

258 2020 340 2091 lure
356 2037 484 2116 queat,
505 2047 693 2116 sacrasque
708 2023 876 2092 infectum
894 2023 1042 2090 reddere
1058 2035 1183 2092 sortes.

259 2124 362 2193 Scitis
375 2148 471 2206 aves,
484 2126 592 2206 scitis,
608 2126 706 2218 quod
719 2125 813 2192 idem
828 2119 919 2192 mihi
931 2146 1064 2192 nomen
1077 2136 1113 2192 et
1124 2145 1243 2204 omen,

258 2223 307 2294 Et
321 2250 378 2294 me
394 2227 466 2294 iam
484 2227 623 2317 pridem
638 2238 737 2295 vates
753 2249 772 2293 ιι
788 2227 893 2295 laude
910 2237 1095 2297 vocarunt.

257 2325 332 2397 Nec
349 2324 439 2415 mibi
452 2327 525 2395 iam
540 2329 670 2398 subeat
682 2350 817 2396 nomen
834 2340 973 2399 mutare
988 2327 1045 2395 vel
1060 2349 1178 2395 omen.

257 2425 356 2517 Ergo
370 2437 436 2518 ego
447 2429 553 2497 laude
564 2425 692 2497 veham
707 2429 816 2517 gratis
828 2423 1062 2524 hominesque
1074 2429 1242 2520 deosqm.

257 2528 333 2596 Per
343 2529 500 2622 liquidos
514 2553 622 2599 surae
637 2542 770 2599 tractus
785 2553 866 2617 cum
875 2528 1041 2598 carmine
1057 2531 1244 2601 tendens.

257 2628 426 2723 Dumque
442 2653 564 2714 cano,
577 2631 701 2721 pulsae
716 2632 876 2700 referunt
892 2632 937 2698 ιιι
952 2631 1068 2700 sidera
1083 2632 1205 2712 valles,

256 2729 305 2800 Et
321 2732 487 2822 linguam
494 2733 595 2813 solvo
610 2754 717 2822 supra
734 2745 841 2823 caput
855 2756 940 2807 arsa
960 2733 1183 2816 colentum

257 2832 338 2923 Qua
354 2833 456 2902 soleo·-
462 2852 572 2903 cusas
585 2833 725 2903 animis
729 2847 896 2902 avertere
902 2837 1059 2902 moestis.

256 2933 357 3031 Huic
348 2932 505 3093 'uolucri
515 2944 722 3093 ιιιιιιιιιιιι,’
730 2928 881 3033 's1’'quid
892 2956 969 3002 mea
984 2935 1143 3027 carmina
1161 2958 1242 3025 pos-

830 3039 990 3117 .snnt‚

254 3132 541 3235 Relfetimus')
541 3128 722 3237 illatisque
737 3137 836 3207 illum
854 3133 943 3207 haec
959 3135 998 3202 ln
1011 3082 1241 3229 re'gna'voca-

664 3276 695 3287 ··
872 3264 1006 3308 mus..

256 3320 331 3410 Sic'
331 3288 401 3422 att,
418 3344 462 3407 'et
477 3341 585 3416 misso
599 3347 722 3409 rursus
737 3339 835 3408 velut
851 3354 934 3409 ante
948 3338 1094 3422 Senatu,

229 3467 234 3476 ·
255 3427 408 3510 Tollunt
422 3464 459 3510 se
475 3441 637 3509 volucres
652 3440 758 3509 celeri
774 3466 881 3531 super
897 3458 980 3513 aera
998 3440 1113 3531 lapsu,

253 3541 348 3614 Nam
363 3565 440 3611 sors
454 3553 584 3611 eventu
598 3565 823 3634 congressum
840 3542 949 3613 lusit
937 3542 1050 3611 inani.

255 3639 490 3713 Grammatici
511 3656 668 3726 certant,
695 3658 731 3713 et
746 3641 863 3714 adhuc
877 3645 974 3715 velut
990 3666 1115 3735 aspera
1126 3643 1240 3713 versis

252 3744 415 3814 Flatibus
430 3745 586 3835 ambigui
602 3746 830 3816 committunt
844 3745 979 3837 praelia
995 3744 1106 3828 venti,

253 3846 301 3917 Et
320 3869 448 3936 magna
466 3848 656 3916 involvunt
670 3849 795 3916 umbra
811 3846 1015 3941 terramque
1032 3847 1238 3941 polumque.

253 3946 425 4039 lamque
415 3971 453 4014 ru
470 3950 655 4067 procinctu
672 3950 825 4019 Cuculus
841 3974 905 4040 per
920 3964 1043 4067 tesqua
1061 3950 1214 4032 volutus,

254 4047 390 4118 Errat
379 4073 484 4139 inops
499 4051 610 4117 animi
628 4063 663 4119 et
679 4076 716 4121 se
731 4065 835 4141 putre
849 4052 982 4142 recepit
996 4052 1034 4118 in
1051 4064 1213 4160 antrum:

254 4135 379 4249 Qualis
393 4174 498 4242 saepe
514 4153 612 4244 rubis
628 4153 731 4222 latuit
744 4166 940 4223 nocturnus
957 4154 1115 4238 abactor,

253 4251 326 4343 Qui
344 4246 521 4342 pecudum
535 4257 705 4348 numeros
722 4253 870 4336 minuit,
893 4257 1072 4373 fessosque
1084 4256 1223 4336 uiantes

252 4354 287 4420 A
303 4365 402 4441 tergo
419 4377 591 4443 superans
606 4356 792 4425 laetalihus
807 4358 928 4425 obruit
941 4357 1063 4426 armis.
1125 4397 1128 4404 ·

358 4453 517 4547 Cumque
550 4482 685 4586 novum
717 4458 849 4612 vegetis
876 4459 1067 4548 reparabat
1094 4455 1237 4528 flatibus

796 4561 1027 4632 orbem

252 4656 372 4725 Verna
391 4656 465 4725 dies
475 4710 486 4739 ,
497 4749 500 4754 Ι
510 4660 619 4727 denso
635 4598 803 4750 spargens
818 4686 878 4731 rus
894 4685 1000 4731 omne
1015 4660 1148 4741 virore,
1231 4707 1238 4738 ,ι

252 4757 302 4828 Et
316 4756 489 4860 tepidam
491 4760 857 4833 volucres-mulcentes
874 4763 1034 4833 cantibus
1050 4785 1175 4836 auram

252 4861 360 4949 Signa
380 4861 530 4955 dabant:
557 4860 707 4933 Cuculus
725 4863 854 4955 plumis
870 4864 959 4955 petit
973 4888 1058 4933 arva
1074 4861 1221 4948 renatis,

256 4961 371 5053 Atque
385 4937 492 5062 ιιιιιιι
507 4962 621 5032 foetus
636 4964 844 5035 Currucae
833 4991 870 5034 m
887 4979 976 5034 tecta
994 4966 1147 5058 reponit,

252 5060 302 5130 Et
320 5053 440 5133 morsu
458 5062 596 5132 violans
612 5089 752 5168 parvae
758 5067 848 5135 bibit
864 5085 930 5135 uva
945 5067 1114 5159 parentis.

254 5163 417 5256 Cumque
434 5165 573 5234 infirma
591 5191 717 5256 parens
734 5169 872 5261 intenso
889 5173 1017 5239 ardore
1030 5167 1172 5238 reclusit

251 5263 467 5355 Ambiguum
484 5267 642 5358 prolem,
667 5282 743 5338 toto
761 5295 851 5366 quae
871 5264 1000 5342 vertice
1017 5294 1124 5362 supra
1146 5281 1209 5356 est,

251 5366 308 5435 En
324 5367 424 5434 rabie
440 5382 562 5484 pastus
574 5382 733 5439 ventrem
748 5371 971 5464 stimulante,
997 5371 1166 5476 tenellis

251 5466 401 5559 Excepit
415 5470 544 5539 victum
562 5472 672 5552 natis,
694 5467 822 5542 dehinc
837 5489 973 5545 vertere
988 5500 1127 5545 morsus

251 5568 454 5659 Exiguam
444 5596 482 5640 ιιι
497 5585 645 5642 matrem
647 5576 812 5663 penuria
828 5578 955 5670 adegit
960 5578 1101 5648 edendi.

287 5803 319 5861 9)
335 5802 534 5867 Merinum
551 5805 594 5857 sto
609 5806 715 5871 resq
739 5807 790 5859 tt.
805 5810 827 5859 t.
846 5810 883 5859 Ιι
898 5809 1024 5875 Μαι,

1296 1614 1348 1682 Ac
1363 1614 1510 1682 Aedoua
1530 1626 1662 1704 parant
1674 1615 1820 1682 rabidae
1836 1615 1972 1683 sociare
1987 1613 2137 1695 volucri,

1294 1717 1389 1798 Aut,
1412 1717 1510 1808 quod
1522 1718 1593 1784 lata
1611 1716 1710 1805 prius
1727 1727 1937 1785 convertant
1953 1738 2059 1783 omen
2074 1715 2112 1783 in
2127 1714 2234 1805 ipsas,

1295 1815 1365 1886 Seu
1389 1817 1445 1899 vi,
1470 1819 1544 1887 sive
1565 1818 1657 1887 dolis
1677 1814 1913 1887 Philomelam
1938 1817 2122 1887 absumere
2144 1829 2279 1887 certum

1912 1929 1980 1987 est.

1294 2019 1412 2089 Sensit
1428 2019 1522 2089 enim
1537 2042 1575 2088 se
1589 2018 1825 2109 ignominiam
1841 2041 1908 2108 pro
1923 2019 2028 2087 laude
2044 2019 2188 2100 referre,

1293 2120 1410 2214 Seque
1424 2121 1498 2211 pati
1516 2133 1657 2211 turpem
1670 2133 1787 2212 spreta
1806 2144 1886 2190 cum
1902 2144 1988 2189 voce
2003 2121 2195 2210 repulsam,
2283 2164 2288 2171 ,

1294 2221 1461 2292 Carmina
1480 2225 1564 2293 dum
1581 2247 1687 2293 sanas
1701 2218 1900 2292 Philomela
1917 2224 2066 2291 referret
2080 2224 2126 2290 ad
2145 2246 2248 2293 aures
2348 2270 2354 2281 ·

1233 2321 1333 2392 ld
1348 2337 1531 2408 metuens,
1557 2319 1695 2395 trabit
1683 2348 1722 2391 ιιι
1737 2337 1855 2415 partes
1870 2323 1932 2416 qui
1948 2325 2045 2413 pacis
2058 2323 2202 2417 iniquae
2284 2342 2287 2347 ·

1292 2423 1462 2517 Imponat
1473 2427 1586 2515 leges,
1613 2438 1649 2493 et
1663 2439 1805 2516 pectora
1820 2427 1989 2495 foedere
1978 2438 2112 2515 iungat.

1292 2530 1412 2620 Atque
1426 2523 1533 2599 huius
1546 2528 1629 2597 fidei
1644 2551 1701 2598 res
1719 2529 1964 2618 componenda
1982 2528 2103 2596 relicta
2126 2541 2188 2599 est.
2250 2599 2254 2606 ,

1291 2627 1339 2697 Et
1356 2629 1441 2721 quia
1452 2629 1533 2698 felle
1542 2627 1589 2722 )
1603 2642 1710 2712 caret,
1730 2653 1786 2699 res
1802 2643 1854 2699 est
1869 2630 2055 2727 commissa
2067 2628 2285 2716 Columbae,

1292 2729 1455 2816 Saepe
1421 2755 1534 2801 vrcem
1548 2731 1610 2800 lidi
1623 2732 1769 2824 quando
1785 2731 1938 2803 cursoris
1953 2730 2078 2812 obivit,

1220 2831 1426 2901 Nuntia
1444 2855 1536 2926 quae
1550 2856 1690 2903 ramum
1706 2856 1845 2923 semper
1860 2832 2059 2903 frondentis
2076 2833 2191 2902 olivae

1291 2931 1366 3007 Oro
1381 2929 1534 3015 vehens,
1558 2934 1738 3024 specimen
1755 2935 1911 3026 dilapsae
1929 2935 2093 3026 praebuit
2108 2937 2237 3006 undae.

1291 3033 1361 3103 Sed
1375 3035 1513 3117 renuit,
1539 3036 1790 3128 duramque
1755 3060 1867 3105 vicem
1885 3061 2026 3107 versare
2041 3051 2192 3124 recusat,

1290 3135 1375 3206 Non
1388 3159 1536 3226 operam
1552 3136 1762 3227 impendens
1777 3139 1899 3221 ullam,
1914 3162 1989 3207 non
2003 3163 2117 3232 aequa
2132 3140 2276 3242 roganti

1289 3235 1405 3307 Antra
1422 3239 1521 3322 colo,
1547 3250 1582 3311 et
1597 3250 1740 3309 teneros
1752 3240 1858 3308 labor
1874 3253 1927 3310 est
1942 3244 2091 3314 educere
2109 3243 2237 3326 foetus,

1290 3337 1375 3409 Non
1389 3354 1551 3411 nostrum
1568 3340 1662 3410 inter
1677 3366 1741 3411 vos
1756 3354 1873 3411 tantas
1889 3367 2103 3459 componere
2117 3344 2207 3428 lites,

1290 3440 1432 3511 Mecum
1447 3439 1583 3524 habito,
1600 3456 1636 3512 et
1649 3443 1743 3512 vitae
1757 3468 1897 3514 cursum
1913 3444 1988 3513 siue
2001 3447 2126 3514 fraude
2141 3447 2275 3537 peregi.

1290 3540 1359 3610 Sed
1375 3543 1406 3613 si
1421 3556 1542 3614 tantus
1557 3567 1660 3612 amor
1675 3545 1755 3635 paci
1769 3546 1976 3615 submittere
1995 3559 2141 3630 mentes,

1288 3641 1346 3711 En
1360 3646 1509 3727 adsum,
1532 3657 1665 3738 tuaque
1682 3669 1727 3714 en
1743 3646 1838 3715 ultro
1855 3649 2024 3717 mandata
2040 3650 2221 3721 facessam.

1290 3744 1370 3816 Neu
1386 3770 1444 3815 me
1461 3747 1548 3818 alias
1564 3759 1665 3816 tento
1683 3760 1838 3838 exponat
1852 3773 1952 3817 mens
1966 3750 2045 3820 leva
2063 3751 2209 3840 periclo,

1289 3846 1341 3916 Ut
1353 3849 1479 3919 subeat
1494 3849 1594 3918 dirae
1608 3849 1721 3939 gentis
1735 3862 1923 3939 penetrare
1940 3851 2105 3935 latebras,

1288 3947 1336 4017 Et
1348 3949 1473 4020 Cuculi
1489 3974 1656 4041 praesens
1671 3952 1795 4020 audire
1812 3964 1848 4020 et
1861 3953 2010 4022 reddere
2025 3978 2147 4024 voces:

1288 4048 1373 4121 Non
1388 4053 1480 4122 bene
1493 4075 1572 4152 cum
1589 4052 1762 4171 placidis
1751 4053 1903 4122 immitia
1920 4056 2027 4123 corda
2045 4052 2248 4126 cohaerent.

1288 4150 1379 4222 Et
1350 4178 1381 4224 ιι
1396 4154 1463 4222 rite
1477 4146 1616 4224 memor
1631 4155 1809 4225 maiorum
1827 4157 1985 4246 exempla
2002 4157 2163 4237 revolvo,

1288 4253 1434 4328 suevit
1423 4279 1462 4324 ιιι
1478 4254 1667 4346 Accrprtns
1675 4255 1721 4349 ¹¹)
1737 4255 1890 4327 Cuculus
1905 4257 2057 4345 migrare
2072 4258 2236 4347 liguram,

1288 4355 1339 4428 Ut
1347 4359 1536 4456 quondam
1556 4358 1691 4427 exuviis
1705 4355 1842 4428 Erucae
1856 4360 1965 4428 blatta
1983 4372 2134 4429 creatur.

1288 4457 1432 4542 Crines,
1458 4482 1533 4527 nnn
1549 4460 1708 4530 animum
1727 4472 1841 4528 mutat
1856 4460 1986 4550 lupus
1975 4475 2071 4531 rntus
2088 4484 2248 4532 avarum.

1286 4559 1383 4628 Haec
1405 4560 1466 4630 ubi
1491 4561 1605 4642 dicta,
1632 4573 1763 4630 vovent
1779 4561 1986 4632 furiarum
1976 4588 2014 4631 ιιι
2029 4564 2108 4633 ἰιιιι
2126 4562 2270 4633 Colum·

1869 4639 1994 4747 ιιιιιι,

1286 4762 1335 4831 Ει
1352 4786 1504 4832 ιιιιιιιιιο
1520 4763 1711 4833 excludunt
1725 4760 1783 4832 hei
1798 4766 1902 4855 plana
1920 4778 1955 4834 et
1970 4790 2056 4835 sana
2072 4766 2271 4860 loquutam.

1285 4863 1432 4958 lamque
1464 4866 1594 4934 iterum
1628 4889 1705 4935 sors
1739 4867 1844 4936 missa
1878 4869 1990 4949 cadit,
2023 4881 2128 4960 teque
2153 4866 2271 4959 lspida

1896 4968 2034 5061 Coccyx

1284 5068 1501 5137 Adiunctam
1516 5067 1683 5151 Merulis,
1708 5092 1799 5162 quae
1816 5064 1951 5162 liquida'
1966 5084 2090 5160 stagna
2105 5070 2270 5164 frequen·

1903 5184 1993 5255 tant,

1285 5269 1341 5340 lre
1357 5270 1456 5340 iubet
1469 5270 1599 5341 tabulis
1616 5271 1806 5339 intructam
1824 5295 1865 5340 ac
1881 5286 1957 5341 arte
1972 5274 2131 5363 Pelasga.

1285 5370 1340 5442 llli
1355 5394 1468 5462 pauca
1485 5373 1593 5441 refert
1605 5373 1749 5456 Aedon,
1776 5373 1859 5467 quia
1876 5399 1985 5443 verna
2001 5376 2168 5445 subibant

1285 5473 1490 5563 Tempora,
1515 5498 1594 5546 cum
1610 5475 1748 5544 dulcem
1765 5476 1831 5545 suh
1846 5478 1976 5567 apertis
1993 5474 2145 5546 aetheris
2162 5474 2234 5544 oris

1322 5722 1367 5789 10)
1386 5723 1467 5784 lello]
1486 5725 1528 5773 slo
1551 5724 1601 5777 lid.
1615 5724 1659 5786 λι
1684 5726 1733 5777 Ειι
1748 5727 1771 5778 ι.
1789 5726 1864 5775 vello

1322 5809 1369 5875 tt)
1387 5810 1551 5873 Aootpltrls]
1573 5811 1624 5863 ild.
1638 5813 1663 5865 t.
1684 5815 1745 5875 typ.
1761 5821 1874 5949 ιιιιιιιι
1899 5809 2033 5874 Aectptrts
