5534 6700
719 621 830 694 78

1762 611 2009 688 XCIV.
2112 608 2769 686 GRAMMATICA
2834 610 3253 693 GRAECA,
3288 609 3746 686 INTEGRA.

4572 554 4580 558 ’
4693 611 4795 684 u

725 789 832 863 40
884 788 1159 872 Suave,
1206 811 1360 858 non
1397 786 1819 868 difficulter,
1868 785 2184 876 gaudent
2229 807 2400 853 vero
2446 782 2710 873 templa
2821 784 3046 853 animi
3074 784 3181 854 vis
3224 796 3364 868 est,
3417 808 3560 877 qua
3594 784 3671 853 in
3719 782 3872 851 veri
3917 782 4398 874 cognitionem
4457 782 4791 854 ferimur:

1551 888 1790 979 patria

879 948 1079 1062 lovis
1108 993 1464 1075 tonantis,
1514 991 1814 1059 dearum
1849 1012 2023 1057 voce
2054 987 2314 1056 virenti

881 1093 952 1162 '1
955 1105 1150 1176 acta,
1200 1095 1491 1164 insonat
1521 1104 1593 1161 et
1619 1104 1866 1160 vertex
1894 1089 2154 1160 nivalis
2182 1088 2481 1181 Olympi

883 1193 1753 1284 Domus‘immortalium.
1869 1189 2075 1283 Ipsae
2120 1215 2293 1261 vero
2338 1193 2713 1260 immorta-

1564 1297 1706 1365 lem
1737 1318 1987 1364 vocem
2020 1298 2307 1366 edentes

731 1396 837 1479 44
882 1397 1206 1467 Deorum
1268 1420 1491 1489 genus
1554 1397 1996 1481 venerabile,
2073 1397 2390 1489 primum
2445 1406 2715 1464 canunt

1555 1499 1896 1570 carmine.

734 1599 839 1676 62
887 1600 1141 1672 Musae
1168 1595 1638 1694 Olympiades
1666 1603 1857 1671 filiae
1885 1597 2074 1671 Iovis
2103 1594 2472 1691 Aegiochi.

886 1702 1080 1773 Eas
1056 1727 1135 1771 ιιι
1167 1703 1406 1774 Pieria
1440 1704 1783 1775 Saturnio
1817 1703 2042 1774 edidit
2069 1703 2261 1794 patri
2292 1698 2678 1771 commixta

885 1805 1355 1898 Mnemosyne
1373 1860 1395 1891 ‚
1442 1807 1724 1877 animos
1751 1801 2155 1877 Eleutheris
2186 1805 2597 1873 demulcens

738 1903 844 1978 55
893 1906 1277 1978 oblivione
1318 1910 1717 1991 malorum,
1768 1932 1852 1978 ac
1894 1907 2433 2003 tranquillitatis
2480 1903 2711 1973 anxiis

1558 2034 1768 2081 curis.

737 2109 839 2181 60
889 2110 1082 2182 Haec
1136 2136 1309 2182 vero
1360 2111 1583 2182 edidit
1633 2136 1896 2183 novem
1955 2113 2230 2206 puellas
2295 2111 2712 2193 concordes,

1560 2215 1826 2309 quibus
1863 2239 2153 2285 carmen

729 2311 829 2386 61
888 2313 1123 2385 Curae
1186 2328 1331 2398 est,
1410 2317 1489 2384 in
1544 2330 1834 2407 pectore
1883 2319 2152 2388 laetum
2201 2316 2534 2384 ardorem
2583 2309 2712 2383 ha-

1556 2418 1892 2488 bentibus

727 2513 842 2586 64
892 2510 1097 2584 quta
1124 2513 1317 2605 ipsas
1334 2514 1629 2584 Gratiae
1654 2541 1735 2585 ac
1758 2519 2186 2588 desiderium
2215 2517 2415 2586 sedes
2445 2511 2716 2583 babent

730 2612 836 2687 65
882 2611 969 2682 Ιιι
1035 2614 1355 2701 floridis,
1434 2617 1816 2687 amabilem
1883 2644 2055 2690 vero
2120 2641 2251 2709 per
2319 2640 2400 2687 os
2449 2639 2711 2684 vocem

1553 2721 1843 2789 edentes

805 2904 809 2911 ι
882 2814 1335 2902 Mulcentur,
1408 2818 1878 2913 omniumque
1937 2821 2124 2910 leges
2176 2845 2260 2888 ac
2311 2842 2549 2890 mores
2602 2818 2711 2885 in-

1478 2954 1482 2960 ·
1563 2921 1789 3013 clytos
2407 2976 2416 2982 .

731 3019 835 3091 67
883 3016 1409 3147 Immortalium
1489 3022 1917 3108 concinunt,
2004 3021 2387 3092 amabilem
2457 3044 2707 3090 vocem

731 3222 834 3296 76
883 3223 1163 3297 Novem
1195 3226 1476 3317 puellae
1514 3125 1852 3318 εεὲιῗὲιῖίι
1882 3223 2049 3297 love
2080 3238 2302 3311 satae,

751 3335 756 3338 ’
884 3326 1227 3422 Cleioque
1304 3326 1762 3423 Euterpeque
1832 3324 2233 3423 Thaliaque
2311 3325 2708 3419 Melpome-

882 3528 1501 3628 Terpsichoreque
1543 3456 1910 3629 figatque
1953 3533 2480 3629 Polymniaque
2523 3530 2708 3601 Ura-

730 3734 830 3806 79
880 3735 1390 3833 Calliopeque,
1456 3762 1539 3808 ea
1551 3661 1775 3809 11:233
1779 3663 2135 3809 eomnium
2188 3753 2293 3810 est
2337 3750 2708 3829 praestan-

1557 3841 1829 3913 tissima
1863 3840 2263 3912 Musarum.

1474 4010 1539 4079 Ε
1567 4037 1612 4080 x
1644 4034 1684 4079 a
1715 4038 1785 4080 m
1819 4036 1859 4081 e
1884 4035 1957 4082 n.

926 4138 1089 4238 (Vs.
1120 4139 1415 4239 ³6.⁹¹))
1456 4140 1912 4241 Ἀρχώμεθα
1941 4144 2353 4228 ordiamur,
2406 4144 2703 4215 verbum

725 4244 1260 4316 coniunctivum
1299 4259 1441 4330 est,
1491 4249 1807 4338 genitivo
1836 4248 2275 4320 construitur
2308 4272 2469 4317 cum
2498 4271 2709 4339 prae-

723 4348 1083 4439 positione
1100 4400 1123 4431 ,
1162 4359 1245 4418 ut
1276 4351 1469 4441 apud
1498 4348 1803 4421 Aratum
1830 4350 1963 4445 ⁹’):
1999 4348 2135 4423 Ἐκ
2161 4345 2339 4433 Διὸς
2365 4345 2707 4445 ἀρχοίμε-

736 4448 915 4520 σθα.
1017 4450 1131 4520 Ab
1160 4447 1330 4521 Iove
1384 4453 1778 4524 ordiamur.
1877 4452 1971 4523 Et
2012 4453 2406 4525 Homerus:
2472 4455 2705 4524 Mov-

734 4548 940 4623 σάων
992 4550 1339 4649 ἄρχωμαι
1368 4552 1503 4650 ⁸⁸);
1585 4552 2068 4628 schematicd'is
2126 4557 2278 4627 sine
2339 4553 2706 4646 praeposi-

730 4652 932 4721 tione
959 4653 1038 4722 in
1063 4652 1196 4725 hac
1227 4658 1724 4748 significantia.

937 4752 1336 4833 Μουσάων
1379 4760 1731 4852 genitivus
1774 4759 2081 4830 Doricus
2121 4772 2261 4841 est,
2328 4782 2462 4850 pro
2516 4782 2708 4851 μου-

728 4863 928 4945 σῶν,
1010 4860 1105 4930 da
1162 4862 1732 4947 nominativum,
1793 4861 2026 4933 Musa.
2160 4859 2423 4931 Unde?
2491 4860 2706 4952 origi-

726 4963 1138 5032 nandarum
1175 4967 1685 5048 vocummulta
1720 4965 1908 5036 ratio
1934 4964 2227 5035 Graecis
2262 4975 2391 5046 est,
2443 4963 2706 5033 solent·

733 5088 866 5157 qne
899 5078 971 5135 et
1001 5064 1144 5157 ipsi
1171 5067 1466 5153 ludere,
1521 5094 1605 5140 ac
1634 5067 1790 5139 ludi
1844 5066 2319 5163 etymologiis.
2422 5064 2704 5135 Tamen

738 5163 1008 5259 aliquos
1075 5170 1493 5254 adnotabo,
1592 5176 1845 5265 μοῦσα
1910 5194 1947 5239 a
2016 5175 2268 5265 μωσαι
2333 5170 2706 5261 vestigare.

729 5264 921 5339 Nam
988 5293 1164 5365 quas
1218 5286 1476 5364 poetae
1542 5299 1782 5346 musas
1844 5286 2105 5344 vocant
2154 5270 2705 5372 μυθολογικῶς,

792 5498 900 5557 21)
942 5498 1061 5550 Hos
1095 5512 1360 5552 versuum
1395 5510 1658 5553 numeros
1698 5515 1766 5553 ex
1800 5498 2567 5567 m.ooett11ng.sdscrtpot.

790 5581 892 5649 Ω)
929 5586 1093 5637 Atat.
1131 5585 1432 5642 Phaenea.
1471 5589 1520 5641 1.

791 5668 900 5728 aa)
929 5670 1564 5752 nom3nymn.xx1V,
1602 5675 1680 5734 ι..
1731 5674 1819 5724 um
1856 5673 1912 5722 ιιι
1947 5657 2504 5737 m.w01r.1eg1tux'=
2535 5674 2704 5723 nov·
2749 5657 2752 5678 ²

863 5732 1026 5788 edm
1057 5734 1353 5822 ὄρχωμαις
1422 5705 2381 5823 Edit’t.1518.,1588.,1541.8x
2412 5738 2524 5809 γάρ
2555 5756 2704 5809 μου·

865 5799 1028 5858 σόων
1060 5804 1343 5876 ἄρχομαις
1391 5775 1919 5872 Editt.1542.sc'1q.:
1970 5805 2243 5875 μουσάων
2283 5805 2534 5879 ἄρχομαι

2814 882 2950 955 hac
3003 887 3394 968 miramur,
3474 883 3608 955 hac
3674 885 4109 978 inquirimus
4162 885 4401 955 abdita
4464 898 4792 958 naturae.

2813 988 3006 1081 Ergo
3055 989 3306 1059 Musae
3353 1012 3392 1057 a
3436 993 3689 1082 μοῦσαι
3734 988 4093 1058 dicuntur.
4214 986 4425 1057 Plato
4475 987 4553 1055 in
4606 983 4796 1058 hanc

2815 1092 3241 1161 sententiam
3277 1091 3615 1182 plurima.
3697 1087 3799 1160 Ita
3834 1113 4042 1181 saepe
4074 1087 4433 1160 Homerus
4464 1085 4795 1161 homines

2817 1190 3172 1285 alphestas
3204 1192 3577 1276 nominat,
3629 1192 3703 1261 id
3733 1205 3875 1276 est,
3925 1192 4408 1284 indagatores.
4489 1191 4794 1262 Declina

2813 1300 3109 1388 μοῦσα,
3190 1296 3479 1388 require
3523 1298 3913 1365 secundum
3964 1296 4289 1365 ordinem
4335 1293 4796 1388 simplicium,

2816 1398 3094 1489 generis
3127 1397 3501 1466 foeminini
3529 1409 3611 1466 ut
3641 1398 3793 1467 eius
3825 1396 4098 1469 ordinis
4131 1398 4400 1468 omnia.
4503 1396 4798 1468 Discer-

2757 1524 2760 1531 *
2816 1512 2999 1570 nunt
3039 1498 3229 1568 enim
3261 1498 3519 1570 Graeci
3564 1523 3820 1588 genera
3871 1500 4510 1583 declinationibus,
4577 1512 4795 1594 atque

2816 1602 2998 1672 adeo
3035 1602 3108 1671 id
3141 1603 3352 1693 longe
3381 1600 3743 1671 facillime.
3847 1596 3996 1668 Iam
4031 1602 4157 1696 qui
4188 1603 4383 1672 volet
4427 1601 4564 1672 sibi
4610 1601 4795 1671 divi-

2815 1717 2958 1773 tem
2994 1728 3250 1795 parare
3292 1705 3577 1793 linguae
3618 1701 4172 1794 supellectilem,
4225 1707 4556 1788 adnotet,
4609 1727 4796 1798 quae

2817 1807 2902 1877 e'x
2953 1802 3093 1876 hac
3130 1831 3306 1875 voce
3353 1811 3607 1899 μοῦσα
3658 1830 3785 1876 ceu
3836 1830 3876 1874 e
3914 1806 4114 1874 fonte
4156 1818 4584 1877 nascuntur:
4635 1829 4798 1875 ver-

2811 1910 2986 2007 bum
3027 1908 3520 2001 μουσῶσθαι,
3577 1908 3848 1978 erudiri
3897 1907 4190 2000 proprie
4243 1932 4284 1976 a
4313 1907 4578 1991 Musis,
4647 1929 4794 2001 quo

2815 2035 2946 2103 ego
2993 2035 3150 2080 sum
3197 2036 3367 2080 usus
3415 2012 3634 2079 modo
3685 2011 3763 2078 in
3813 2010 4163 2101 elegiaco,
4229 2004 4399 2082 οὐδ
4451 2006 4557 2081 ἔτι
4597 2032 4795 2103 μου·

2816 2106 3023 2238 σώσῃ
3049 2117 3241 2187 νοΐν
3270 2108 3434 2207 φίλ’
3472 2111 3747 2210 ἄεργον
3759 2110 3916 2208 ⁹⁸)'
3890 2115 4105 2206 ἔχων.
4207 2109 4385 2181 Item
4415 2130 4800 2206 μουσουρ-

2813 2207 2947 2314 γός
2992 2239 3028 2282 a
3079 2220 3335 2309 μοῦσα
3384 2227 3456 2283 et
3502 2213 3728 2314 ἔργον
3771 2214 4028 2284 artifex
4071 2215 4516 2298 carminum,
4577 2213 4639 2284 is
4693 2224 4801 2283 est

2817 2317 3007 2387 enim
3052 2319 3202 2388 eius
3250 2317 3568 2387 nominis
3611 2341 3805 2388 usus.
3932 2316 4053 2387 Tu
4102 2314 4409 2409 adiunge
4456 2339 4592 2408 pro
4636 2313 4799 2384 dili-

2817 2420 3052 2509 gentia
3081 2433 3203 2489 tua
3238 2420 3452 2509 longe
3486 2419 3824 2510 plurima.

3026 2532 3168 2606 Ταὶ
3197 2533 3322 2606 Διὶ
3349 2533 3620 2632 πατρὶ,
3675 2561 3859 2631 quae
3883 2533 4040 2605 Iovi
4084 2537 4318 2629 patri,
4367 2532 4495 2609 ταὶ
4536 2536 4798 2606 articu-

2816 2637 2926 2706 lus
2972 2650 3075 2707 est
3118 2639 3656 2728 postpositivus.
3788 2638 3977 2708 Nam
4027 2651 4204 2708 tono
4249 2639 4592 2732 inscripta
4657 2662 4797 2708 vox

2817 2750 2942 2807 est.
3042 2737 3345 2828 Regula.
3448 2738 3753 2807 Articuli
3778 2740 4249 2831 praepositivi
4289 2742 4499 2832 puri,
4549 2741 4626 2809 id
4670 2753 4801 2824 est,

2814 2840 3094 2910 vocales
3113 2853 3419 2923 tantum,
3455 2864 3605 2909 non
3635 2840 4123 2911 inscribuntur
4139 2841 4330 2912 tonis
4361 2837 4434 2934 ὅ,
4459 2838 4533 2936 ἢ.
4586 2841 4798 2913 Post-

2814 2940 3108 3031 positivi
3154 2942 3644 3012 inscribuntur
3688 2939 3776 3034 ἤ,
3843 2941 3946 3016 αἵ.
4062 2941 4174 3012 Ex
4219 2939 4336 3014 his
4386 2955 4491 3014 est
4536 2967 4669 3034 pro
4715 2943 4805 3015 αἵ

2812 3037 2962 3114 ταί.
3080 3041 3264 3114 Nam
3311 3043 3605 3113 Aeolica
3651 3043 4033 3127 dialectos,
4104 3047 4305 3138 quod
4358 3044 4800 3137 aspiratione

2813 3168 2963 3212 non
2993 3156 3275 3230 utatur,
3321 3172 3407 3236 τ,
3459 3145 3762 3215 articulo
3808 3143 3891 3218 αἰ
3930 3146 4177 3216 adiicit
4221 3148 4377 3217 vice
4419 3148 4799 3240 aspiratio-

2812 3246 2948 3316 nis.
3082 3243 3279 3316 Idem
3322 3248 3491 3317 fecit
3535 3249 3615 3314 in
3665 3247 3863 3331 aliis,
3947 3263 4028 3319 ιιι
4070 3273 4204 3340 pro
4241 3245 4486 3344 Ἑλένη
4535 3246 4798 3345 Pei-&my

2814 3347 2987 3418 dicit
3044 3354 3112 3420 Ρ
3156 3352 3518 3441 digamma
3570 3350 3864 3420 Aeolico
3922 3350 4175 3446 (quam
4216 3352 4463 3423 Latini
4510 3354 4798 3423 literam

2812 3454 3209 3542 recepimus
3243 3453 3563 3546 reliquae
3601 3452 3948 3523 Graeciae
3998 3456 4357 3549 ignotam)
4406 3456 4559 3525 vice
4603 3455 4794 3547 aspi-

2811 3553 3115 3624 rationis
3150 3555 3452 3625 adiecto.
3556 3554 3974 3626 Memineris
4022 3553 4238 3628 huius
4285 3552 4540 3627 scholii
4582 3560 4669 3627 de
4717 3561 4800 3640 Ρ,

2812 3657 3193 3783 siquando
3199 3656 3514 3748 primum
3548 3655 3980 3749 Quintiliani
4020 3659 4233 3750 leges.
4337 3658 4635 3730 Declina
4669 3655 4799 3732 ταί

2810 3759 2950 3841 sic,
3002 3786 3050 3851 η
3065 3810 3091 3844 ,
3143 3747 3232 3851 ἦς
3263 3772 3394 3830 etc.
3437 3772 3518 3829 ut
3550 3783 3791 3850 supra.

3016 3872 3145 3947 Διί
3174 3900 3212 3944 a
3248 3871 3479 3962 Ζεύς,
3532 3875 3627 3967 ζ
3605 3901 3679 3946 ιιι
3710 3874 3773 3951 δ
3805 3878 4234 3970 mutato“)‚
4294 3881 4374 3950 in
4418 3878 4798 3952 heterocli-

2812 3978 2901 4049 tis
2933 3979 3458 4051 adnotavimus.

3014 4094 3320 4194 Πατρί,
3409 4102 3497 4169 da
3562 4101 4132 4186 nominativum,
4234 4100 4514 4196 πατήρ,
4603 4102 4796 4173 acuit

2809 4200 3069 4283 finem,
3161 4201 3328 4293 quia
3388 4201 3830 4284 derivatum,
3930 4199 4206 4284 παῖδας
4261 4207 4557 4300 τηρῶν,
4643 4204 4796 4276 eius

2811 4302 3030 4394 etymi
3064 4304 3236 4371 fides
3267 4306 3456 4402 apud
3497 4304 4003 4395 grammaticos
4034 4318 4225 4389 esto,
4278 4303 4459 4375 mihi
4506 4330 4639 4377 nec
4680 4332 4795 4377 re-

2809 4404 3050 4473 fellere
3076 4428 3208 4472 nec
3244 4386 3554 4495 probare
3589 4406 3874 4477 libitum
3907 4421 4033 4479 est.
4136 4404 4505 4479 Declina‘
4466 4436 4508 4481 o
4540 4403 4790 4504 πατήρ

2811 4506 3309 4577 declinationis
3374 4511 3667 4603 quintae
3733 4509 4166 4603 simplicium
4228 4516 4386 4584 τοῦ
4450 4508 4791 4609 πατέρας.

2810 4608 2993 4681 Nam
3031 4611 3155 4703 qui
3188 4623 3403 4683 tonus
3443 4612 3521 4680 in
3567 4612 3743 4681 recti
3787 4614 3928 4682 fine
3974 4626 4116 4699 est,
4185 4638 4265 4684 ea
4276 4615 4583 4739 syllaba
4638 4637 4793 4683 ιιοιι

2812 4714 3122 4795 excedit,
3178 4727 3248 4781 et
3273 4708 3554 4811 πατρός
3586 4739 3718 4814 per
3744 4740 4148 4808 syncopen,
4197 4721 4311 4843 τῷ
4355 4713 4615 4812 πατέρι
4661 4711 4793 4787 καὶ

2809 4812 3038 4909 πατρί
3055 4865 3082 4905 ,
3131 4810 3270 4888 τὸν
3293 4814 3612 4912 πατέρα,
3668 4841 3818 4886 ιιοιι
3843 4811 4134 4913 aaroni,
4187 4810 4252 4890 ὦ
4286 4814 4544 4910 πατέρ.
4644 4816 4791 4888 Re-

2808 4916 2991 5009 liqui
3020 4941 3221 4989 casus
3253 4942 3338 4986 ex
3368 4914 3481 4989 his
3508 4933 3943 5004 nascuntur,
3993 4933 4076 4990 tu
4105 4921 4198 4988 ad
4229 4920 4635 5010 analogiam
4677 4943 4790 4989 re-

2812 5042 3042 5090 curre.
3142 5018 3449 5093 Dativus
3495 5022 3790 5112 pluralis
3836 5034 3942 5093 est
3971 5015 4341 5120 πατράσι,
4403 5047 4619 5116 quem
4667 5024 4791 5092 ad·

2810 5121 3017 5205 iicio,
3071 5123 3240 5214 quia
3271 5124 3589 5193 formatu
3621 5123 3925 5197 difficilis
3958 5138 4085 5197 est.

3016 5255 3173 5352 (Vs.
3225 5258 3405 5356 37.)·
3453 5254 3848 5352 Ὑμνεῦσαι
3891 5261 4382 5332 nominativus
4429 5259 4792 5353 participii

2811 5360 3282 5452 penultimam
3310 5360 3648 5446 inflectit,
3699 5388 3868 5433 nam
3901 5389 3980 5437 αι
4026 5389 4162 5457 pro
4210 5363 4414 5433 brevi
4458 5360 4790 5447 habetur,

2810 5476 2892 5534 ιιι
2920 5463 2997 5531 in
3031 5464 3170 5531 fine
3204 5463 3589 5554 prosodiae
3616 5464 3965 5552 diximus,
4016 5467 4295 5559 plurale
4325 5480 4452 5538 est.

2876 5705 2974 5775 9⁴)
3013 5703 3249 5787 ἄξργον]
3284 5712 3386 5763 Ea.
3417 5712 3565 5765 1588.
3603 5708 3851 5781 ᾄθεργον

2875 5812 2976 5871 96)
3010 5809 3249 5879 mutato]
3284 5813 3342 5864 in
3376 5813 3546 5865 mitt.
3576 5814 3724 5867 ¹5⁸8.
3743 5848 3760 5871 .
3802 5818 3952 5868 1541.
3986 5818 4172 5869 deest.
