5534 6700
346 673 349 678 -
475 627 549 700 sn
1056 615 1181 691 elna.
1209 612 1330 691 uns.
1361 611 1570 712 scotera
1599 610 1940 691 annonootca

529 792 724 865 Contundo
809 789 959 859 contudi
1099 801 1303 872 contusum,
1328 787 1379 859 sic
1393 811 1472 857 cae·

1164 904 1241 959 tera
1259 889 1472 983 composita.

527 997 654 1068 Pendo
796 992 953 1084 pependi
1104 1016 1256 1086 pensum

529 1095 716 1189 Suspendo
796 1094 966 1189 suspendi
1107 1119 1319 1186 suspensum

528 1199 659 1270 Fundo
677 1270 692 1287 ‚
792 1197 871 1266 sudi

529 1300 648 1371 Findo
789 1299 854 1368 fidi

1107 1198 1239 1267 fusum.

1109 1301 1244 1370 fissum.

1114 1402 1262 1472 scissum

1115 1527 1215 1574 esum

530 1403 662 1474 Scindo
791 1399 881 1473 scidi

530 1504 610 1576 Edo
793 1502 852 1573 edi

533 1607 694 1678 Comedo
791 1603 933 1674 comedi

662 1719 768 1779 stum.
817 1705 877 1775 Sic
892 1706 1090 1798 composita
1110 1731 1131 1776 a
1146 1703 1303 1778 themate
1320 1704 1476 1775 variant.

531 1810 633 1880 Pedo
783 1808 933 1900 pepedi,
959 1809 1036 1880 sine
1056 1810 1204 1902 supino.
1306 1800 1312 1806 ⁶

1564 785 1698 878 ‚Diligo
1728 826 1748 863 .·
1809 785 1936 866 ,dilexi

2074 785 2309 857 dilectum«
2437 850 2440 855 ,

1575 888 1704 980 Tango
1827 888 1930 979 tetigi
2076 901 2210 959 tactum
2304 946 2307 949 -

1573 991 1703 1082 Pungo
1825 989 1965 1083 pupugi
1985 1002 2022 1060 et
2041 991 2155 1084 punxi
2177 1004 2364 1084 punctum.

1576 1091 1773 1185 Expungo
1831 1092 1988 1184 expunxi
2010 1101 2173 1180 tanturn,
2200 1106 2433 1187 expunctum.

1575 1195 1702 1287 Pango
1833 1195 1957 1288 pepigi
1969 1208 2006 1266 et
2018 1198 2141 1288 panxi,
2166 1210 2333 1289 pactum,
2353 1212 2408 1270 cst
2423 1200 2521 1272 idem

1525 1301 1625 1394 quod
1640 1300 1732 1390 figo,
1757 1309 1885 1369 natum
1908 1297 2082 1368 aGraeco
2105 1301 2217 1370 verbo
2238 1293 2397 1400 npyrc'co
2421 1304 2521 1374 vide-

1525 1413 1596 1474 tur.
1653 1400 1761 1470 Unde
1787 1413 1824 1470 et
1847 1400 1987 1473 clavum
2010 1425 2167 1495 pangere
2188 1401 2313 1474 Livius
2340 1404 2454 1489 dixit,
2485 1419 2520 1477 et

1526 1502 1726 1576 Columella
1743 1502 1931 1574 malleolos
1943 1528 2120 1596 pangere,
2146 1517 2182 1575 et
2202 1507 2391 1598 depactam
2412 1532 2521 1602 qner-

1112 1629 1293 1676 comesum
1307 1614 1344 1672 et
1356 1625 1475 1672 come-
1527 1630 1608 1677 cum
1626 1606 1779 1677 Plinius.

1609 1744 1620 1767 ⁰
1733 1721 1899 1816 Impingo
2054 1714 2209 1819 impegi,

1629 1825 1761 1896 Scribit
1776 1827 1873 1897 enim
1887 1827 2094 1900 Priscianus
2113 1852 2134 1897 a
2156 1852 2276 1922 pango
2302 1828 2412 1899 etiam
2436 1831 2522 1923 pegi

583 1927 618 1996 A
636 1927 714 1998 sido
729 1926 936 2000 Priscianus
958 1929 1098 1999 nullum
1121 1929 1209 2000 dicit
1231 1941 1351 1999 extare
1369 1948 1476 2019 prae·
1526 1927 1761 2020 praeteritum
1776 1930 1895 2001 fuisse.

482 2031 643 2102 teritum.

585 2133 619 2200 Α
635 2133 683 2201 do
700 2130 898 2224 composita
922 2131 1107 2224 geminant
1124 2133 1281 2225 primam
1298 2096 1474 2226 syllahaut
1527 2164 1687 2238 mitum,

482 2235 687 2330 praeteriti:

640 2335 767 2407 Condo
872 2335 1019 2405 condidi
1121 2334 1309 2406 conditum

637 2438 766 2508 Reddo
869 2437 1023 2523 reddidi
1119 2438 1315 2507 redditum.

572 2557 657 2627 -Sed
681 2558 861 2628 abscondo
886 2555 1060 2627 abscondi
1084 2555 1356 2641 absconditum,
1388 2578 1475 2625 nam

482 2661 522 2728 in
553 2661 708 2730 secunda
731 2655 933 2751 Philippica
970 2655 1054 2756 [42,
1081 2653 1188 2754 108.]
1211 2657 1396 2729 Ciceronis
1423 2670 1477 2728 est

483 2761 695 2834 absconditi.
746 2761 924 2832 Fecerunt
938 2773 975 2831 et
989 2762 1224 2844 absconsum,
1250 2784 1316 2852 ego
1338 2759 1377 2830 id
1398 2783 1475 2830 non

482 2864 633 2936 memini
648 2888 706 2933 me
722 2864 855 2957 legere.
908 2884 911 2888 ’

533 2965 632 3035 Cedo
660 2963 755 3057 (sine
777 2960 1021 3057 diphthongo)
1048 2963 1136 3034 cessi
1159 2987 1308 3034 cessum.

451 3090 477 3140 s
534 3065 635 3135 Cado
791 3066 922 3151 cecidi,
949 3065 1067 3134 media
1091 3064 1214 3149 brevi,
1240 3088 1376 3136 casum.

392 3187 402 3205 “
482 3167 589 3240 Unde
604 3192 715 3238 unum
739 3180 880 3238 tantum
896 3167 1135 3260 compositum
1150 3179 1266 3250 extat,
1291 3189 1450 3237 occasus.

484 3269 633 3341 Caetera
651 3293 669 3338 a
690 3272 798 3356 cado,
832 3271 962 3363 supina
979 3282 1043 3340 aut
1057 3261 1216 3340 verbalia
1234 3291 1309 3337 non
1325 3268 1473 3339 faciunt.

534 3373 654 3445 Caedo
669 3374 768 3470 (cum
784 3370 1029 3469 diphthongo)
1045 3373 1192 3457 caecidi,
1215 3372 1334 3443 media
1352 3372 1474 3463 longa,

483 3500 640 3549 caesum.

635 3577 694 3649 Sic
718 3576 842 3648 occido
947 3576 1063 3647 occidi

934 3710 1016 3783 GO.

586 3831 772 3924 Plerisque
787 3831 955 3901 omnibus
970 3830 1162 3922 praeterita
1180 3832 1272 3902 hunt
1285 3855 1351 3924 per
1365 3832 1414 3904 xi.

535 3932 649 4026 Cingo
666 3933 773 4017 cinxi,
790 3933 960 4017 cinctum,
975 3955 1063 4002 nam
1078 3934 1115 4003 xi
1132 3934 1170 4003 in
1187 3946 1283 4006 ctum
1299 3946 1472 4008 mutatur.

532 4036 635 4127 liego
738 4036 816 4106 rexi
917 4046 1055 4106 rectum

532 4139 649 4231 Pingo
737 4138 840 4231 pinxi
922 4138 1079 4231 pictum,
1104 4163 1131 4208 n
1148 4138 1281 4211 abiicit.

531 4240 648 4333 Fingo
735 4240 824 4311 finxi
922 4243 1065 4325 lictum,
1090 4266 1115 4310 n
1130 4241 1263 4314 abiicit.

531 4343 652 4437 Tingo
736 4344 827 4413 tinxi
919 4343 1072 4413 tinctum

529 4446 621 4539 Figo
736 4447 797 4515 fixi
921 4447 1061 4534 fixum.

581 4579 624 4652 ln
641 4578 698 4655 his
715 4581 751 4675 dl
767 4581 954 4674 praeteriti
972 4578 1157 4651 character
1173 4595 1243 4653 est:

498 4753 503 4762 ·
530 4702 610 4797 Ago
767 4701 825 4794 egi
979 4713 1119 4784 actum,
1144 4701 1244 4773 sicet
1259 4701 1471 4796 composita,

531 4804 631 4897 Cogo
766 4803 867 4894 coegi
977 4815 1141 4873 coactum

529 4908 675 4999 Frango
765 4906 856 4998 fregi
976 4906 1130 4975 fractum
1284 4994 1289 5000 g

530 5006 696 5100 Effringo
762 5008 901 5106 effregi'
980 5006 1165 5076 effractum

529 5110 628 5202 Lego
762 5112 833 5201 legi
978 5110 1110 5178 lectum

530 5214 670 5305 Colligo
761 5213 887 5302 collegi
984 5210 1171 5279 collectum
1184 5206 1229 5306 ⁸).

1165 3576 1334 3647 occisum.

582 5351 653 5423 Sed
669 5349 736 5421 tria
755 5374 774 5417 a
791 5350 871 5440 lego
889 5345 1087 5438 composita
1102 5342 1140 5413 xi
1155 5338 1303 5415 habent:

529 5469 682 5563 Negligo
787 5467 926 5560 neglexi
1028 5464 1228 5556 neglectum

528 5572 693 5666 lntelligo
782 5570 943 5643 intellexi
1030 5567 1248 5638 intellectum

478 5732 693 5748 *Ἥ-

510 5803 977 5912 enantum-assant:
999 5822 1082 5891 rugo
1117 5822 1191 5889 stan
1226 5822 1355 5874 moun.

1630 2062 1733 2158 Quae
1747 2059 1883 2135 habent
1896 2091 1916 2136 r
1933 2060 2017 2137 ante
2032 2089 2097 2158 go,
2122 2067 2260 2138 faciunt
2273 2091 2339 2159 per
2359 2067 2390 2140 si
2413 2092 2522 2161 prae-

1578 2284 1705 2378 Mergo
1809 2287 1918 2359 mersi
2019 2309 2186 2358 mersum·

1579 2387 1717 2480 Spargo
1807 2389 1923 2482 sparsi
2019 2412 2184 2482 sparsum

1629 2523 1700 2594 Sed
1716 2547 1736 2593 a
1751 2547 1838 2617 rego
1855 2523 2054 2618 composita
2068 2523 2258 2596 imitantur
2274 2519 2417 2594 thema:

1577 2641 1693 2734 Surgo
1797 2644 1938 2715 surrexi
2090 2642 2207 2734 Pergo
2308 2641 2470 2733 perrexi.

1884 2876 1887 2881 ζ
1976 2794 2058 2870 ΗΟ.

1629 2916 1675 2986 xi
1689 2917 1876 3009 praeteriti
1892 2913 2077 2991 character
2090 2928 2161 3002 est,
2188 2927 2285 2987 ctum
2303 2914 2438 3007 supini.

1575 3031 1679 3106 Veho
1834 3037 1916 3107 vexi
2069 3049 2210 3107 vectum

1575 3133 1700 3207 Traho
1834 3140 1927 3210 traxi
2071 3151 2238 3210 tractum.

1979 3290 2058 3365 LO.

1627 3407 1791 3482 Mutatur
1813 3381 1861 3480 in·
1877 3410 1930 3481 lui
1951 3410 1992 3479 in
2015 3410 2239 3503 praeteritis,
2264 3406 2402 3501 Supina
2416 3398 2514 3498 ἀνα-

1524 3513 1691 3609 lwt-

1576 3625 1666 3699 Colo
1821 3629 1917 3699 colui
2071 3627 2206 3698 cultum

1575 3727 1733 3802 Consulo
1822 3731 1986 3802 consului
2074 3730 2278 3800 consultum

1575 3830 1711 3904 Occnlo
1825 3835 1967 3907 occului
2000 3854 2005 3862 ¹
2079 3832 2259 3903 occultum

1526 3934 1677 4007 ‘Molo
1828 3937 1942 4008 molui
2080 3934 2247 4006 molitum

1574 4037 1643 4108 Alo
1830 4039 1905 4109 alui
2085 4038 2212 4109 alitum
2235 4048 2271 4106 et
2290 4036 2405 4107 altum
2487 4028 2492 4037 ’

1574 4139 1669 4210 Volo
1831 4140 1932 4212 volui
2084 4141 2162 4211 sine
2184 4139 2326 4232 supino.

1625 4277 1728 4370 Quae
1743 4277 1928 4369 geminant
1941 4277 1975 4363 l,
1999 4273 2168 4349 nonnihil
2187 4276 2342 4347 variant.

1574 4394 1679 4465 Velle
1693 4396 1778 4466 velli
1791 4409 1827 4467 ct
1842 4396 1947 4482 vulsi,
1972 4394 2139 4494 Lucanus
2155 4392 2299 4497 [Phara.
2312 4391 2373 4480 lX,
2390 4391 2516 4495 765.]:

1522 4496 1733 4594 Avulsitque
1757 4523 1889 4586 manu,
1913 4500 2096 4595 telumque
2118 4499 2229 4570 affixit
2251 4522 2394 4573 arenae.
2449 4499 2519 4572 Su·

1522 4602 1610 4693 pino
1627 4602 1802 4675 avulsum.

1573 4722 1675 4794 Fallo
1805 4710 1915 4794 lelelli
1999 4666 2003 4673 ·
2067 4724 2196 4796 falsum

1572 4826 1674 4897 Pello
1802 4826 1925 4917 pepuli
2066 4828 2211 4918 pulsum

1572 4924 1723 5021 Depello
1801 4927 1923 5021 depuli
2064 4928 2251 5021 depulsum

1571 5030 1733 5102 Percello
1804 5028 1963 5123 perculi,
2065 5027 2324 5128 perculsum).

1572 5133 1716 5205 Excello
1801 5131 1952 5203 excellui
1969 5134 2157 5219 excelsum,
2177 5148 2302 5226 autore
2309 5131 2513 5203 Prisciano.

1555 5402 1994 5535 ’marsuae
2008 5401 2385 5525 titt-..sautem
2405 5405 2513 5536 tat:

1587 5557 1654 5596 nun
1671 5544 1714 5593 est
1730 5543 1895 5606 perculsum
1938 5542 2081 5594 Μαι
2114 5544 2235 5606 psroutt,
2267 5545 2295 5592 et
2312 5543 2385 5605 epod
2403 5542 2514 5593 fersn-

1588 5612 1656 5664 tlnra
1678 5610 1707 5660 tn
1731 5611 1838 5662 Andrls
1861 5610 1998 5676 perculsi:
2033 5609 2171 5663 Perculsit
2194 5612 2257 5664 tlloo
2281 5612 2421 5678 antarum,
2456 5612 2514 5661 stat

1588 5679 1776 5734 snsnmttora
1792 5680 1918 5744 exempta
1935 5680 2050 5745 tegunt,
2067 5681 2221 5748 percussit,
2239 5680 2312 5732 stent
2326 5678 2426 5731 Otoero
2439 5691 2512 5743 qoo-

1588 5763 1642 5815 qus
1659 5749 1782 5813 loquitor
1799 5761 1850 5812 pro
1867 5750 1988 5815 Mons,
2006 5752 2035 5803 st
2047 5749 2088 5802 ¹2
2103 5751 2185 5814 aptus.
2202 5751 2251 5805 lib.
2261 5750 2288 5802 δ.
2305 5749 2342 5801 sd
2352 5750 2438 5801 stete.
2452 5752 2512 5800 flu·

1588 5818 1681 5883 plnu-
1698 5820 1742 5869 sat
1757 5820 1926 5883 percnum.
2193 5859 2198 5870 .
