5534 6700
485 683 557 754 791
1112 672 1471 748 ADDITAMENTA
1496 671 1564 742 AD
1588 671 1731 745 voni..
1757 670 1880 745 l-X.
2417 666 2514 742 792

613 850 655 910 Ut
676 851 747 907 'sine
775 847 847 904 lnee'
871 864 928 903 non
951 844 1041 918 loerni
1067 856 1189 923 possum
1218 845 1347 903 colorum
1375 842 1559 920 dicrimine,
1587 845 1627 902 ita
1654 844 1718 901 sine
1740 843 1911 922 'cognitione
1938 839 2051 919 pbrasis
2079 849 2157 897 totus
2176 854 2275 897 mmo
2297 836 2335 897 V.
2356 847 2389 895 et
2409 837 2451 896 N.
2473 839 2514 896 T.

487 938 496 954 '
555 947 601 994 tns
623 941 678 991 est.

486 952 555 1016 ψ
613 1042 852 1103 considerandae
872 1055 942 1101 sunt
963 1044 1118 1101 verborum
1142 1043 1268 1118 origines
1289 1054 1321 1101 et
1349 1039 1507 1120 emphases
1527 1043 1559 1100 in
1580 1042 1653 1119 ipsis
1674 1042 1818 1118 lontibus,
1845 1040 1984 1102 dunois
2007 1051 2054 1101 est
2074 1037 2256 1120 proprietas,
2284 1047 2316 1096 et
2339 1024 2514 1118 ridendum,

435 1134 444 1149 ‘
488 1133 538 1191 nbi
558 1128 774 1189 moderantur
794 1144 880 1187 voees
903 1127 1055 1206 singulae,
1078 1138 1128 1187 aut
1149 1128 1285 1203 iunctae,
1305 1127 1450 1185 allusione
1473 1137 1504 1185 et
1524 1125 1626 1204 figuris
1647 1129 1684 1186 ad
1708 1129 1817 1188 vicinas
1839 1125 2074 1207 significationes.
2120 1196 2124 1201 Ι

525 1281 527 1284 -
613 1247 689 1307 Cum
711 1247 802 1305 rerba
822 1256 854 1304 et
876 1244 996 1322 phrasin
1017 1243 1230 1326 intelligimus,
1251 1245 1309 1304 iter
1329 1245 1496 1323 proximm
1516 1253 1563 1303 est
1584 1263 1603 1303 a
1622 1245 1820 1307 Grammatico
1840 1246 1878 1304 ad
1897 1245 2091 1305 Dhleetioen

613 1366 715 1425 Multis
735 1365 868 1443 proiecto
889 1365 1036 1424 erroribus
1057 1364 1197 1422 caruisset
1215 1365 1294 1422 omni
1316 1375 1452 1442 tempore
1474 1361 1653 1441 Tbeologis,
1673 1365 1698 1422 si
1722 1382 1792 1447 nou¹
1804 1363 1940 1423 bebraica
1961 1379 2067 1441 graece
2092 1361 2240 1439 explicata
2262 1373 2379 1422 esunt.

530 1552 532 1557 ¹
615 1482 701 1546 Unus
720 1484 826 1562 aliquis
847 1495 878 1542 et
899 1482 1026 1561 simplex
1046 1482 1211 1559 scripturae
1233 1501 1336 1543 sensus
1357 1493 1421 1560 est,
1441 1493 1475 1542 ut
1495 1492 1527 1543 et
1548 1477 1683 1541 coelestis
1705 1483 1813 1543 ueritas
1834 1480 2128 1559 simplicissimaest,
2148 1496 2238 1556 quem
2259 1479 2375 1538 collatis
2384 1479 2513 1557 scriptu-

488 1567 530 1627 ris
551 1586 569 1629 e
590 1568 641 1629 iilo
663 1566 811 1647 ductuque
832 1567 970 1626 orationis
992 1565 1062 1624 licet
1082 1562 1213 1644 assequi.
1984 1642 1987 1649 Ι
2036 1648 2040 1655 ¹
2137 1638 2143 1649 ¹
2180 1644 2185 1653 ¹

615 1685 699 1745 lieet
719 1687 837 1744 omnino
863 1685 902 1744 sd
930 1684 1097 1744 iudicandas
1124 1686 1283 1761 scripturas
1310 1682 1472 1742 adhibendi
1497 1683 1556 1742 sint
1576 1684 1695 1761 Patres,
1728 1685 1818 1743 ιιιίιιι
1846 1697 1894 1744 est
1922 1703 1961 1744 ex
1989 1682 2034 1740 bis
2057 1683 2127 1741 locis
2147 1683 2312 1760 scripturae
2333 1683 2514 1747 metentium

488 1768 652 1912 ffilipere,
671 1771 719 1828 nbi
739 1769 796 1828 boe
816 1770 911 1848 ipsum
933 1781 1041 1847 agunt,
1070 1779 1102 1827 ut
1124 1779 1280 1845 enarrem,
1305 1786 1392 1845 qnam
1413 1768 1466 1843 iis,
1490 1767 1539 1827 ubi
1559 1772 1610 1826 vel
1631 1769 1860 1844 rhetoricantur,
1888 1771 1938 1829 vel
1965 1767 2119 1827 affectibus
2146 1769 2205 1826 suis
2225 1784 2406 1845 quocunque
2427 1767 2514 1825 modo

540 1871 560 1911 ιι
572 1864 654 1932 gent.

561 1974 563 1983 '
617 1970 743 2040 Quidam
763 1990 823 2029 non
844 1972 975 2030 contenti
996 1989 1054 2029 una
1074 1971 1321 2048 interpretatione
1342 1971 1371 2027 in
1388 1970 1511 2050 singulis
1532 1967 1686 2029 sententiis
1699 1969 1848 2027 finxerunt
1869 1986 1907 2027 er
1929 1986 1961 2028 se
1982 1967 2065 2027 velut
2081 1968 2186 2027 'menei
2208 1977 2333 2046 quatuor
2346 1976 2398 2026 aut
2413 1968 2514 2044 plures

491 2056 578 2115 ctiam
599 2052 780 2132 sententias,
800 2056 972 2131 liberalem
992 2055 1199 2133 allegoricam,
1220 2055 1446 2133 tropologicam,
1467 2064 1498 2113 at
1518 2055 1638 2127 nescio,
1665 2070 1737 2132 quas
1760 2065 1932 2131 praeterea,
1958 2071 2024 2112 eum
2046 2071 2105 2111 una
2125 2064 2157 2112 et
2177 2053 2305 2131 simplex
2327 2052 2366 2112 sit
2388 2053 2515 2129 scripto-

491 2156 544 2199 rae
564 2140 726 2216 mutantia,
750 2140 885 2199 videlicet
907 2156 993 2218 quam
1015 2140 1112 2217 aperit
1132 2139 1205 2198 ratio
1227 2139 1427 2216 grammatica.
1768 2222 1773 2234 Ι
2151 2220 2154 2225 ¹

616 2258 649 2317 ln
672 2260 751 2336 typis
772 2275 863 2336 saepe
883 2260 1052 2318 inseruntur
1076 2255 1182 2330 rerba,
1209 2255 1321 2334 stiqrid
1349 2257 1470 2334 proprie
1497 2256 1643 2317 derebus
1663 2255 1833 2334 significum
1854 2254 2030 2331 indicantia,
2061 2271 2117 2314 nec
2138 2266 2235 2314 umen
2256 2265 2423 2334 propterea
2444 2253 2518 2314 abii-

491 2342 595 2402 eiende
618 2353 665 2401 est
687 2341 817 2412 historin
848 2370 852 2378 ⁴

617 2460 685 2518 Non
706 2476 828 2519 meuse
845 2467 895 2518 est
916 2474 1018 2518 omnes
1038 2455 1176 2516 historiae
1200 2457 1429 2518 cirenmstantias
1451 2458 1610 2518 convenire
1630 2455 1668 2515 ud
1688 2455 1736 2527 id,
1758 2454 1837 2535 quod
1858 2456 2055 2536 significatur,
2084 2456 2154 2517 setis
2174 2466 2239 2537 est,
2259 2458 2358 2519 ideam
2379 2460 2413 2517 in
2434 2459 2521 2536 prin·

491 2543 634 2622 cipalibns
653 2545 741 2603 rebus
760 2543 929 2604 convenire.

620 2661 690 2721 Non
710 2661 805 2720 omnia
826 2662 915 2720 rerba
931 2660 989 2720 Dei
1009 2657 1245 2719 transformanda
1265 2669 1334 2719 sunt
1354 2659 1385 2718 in
1403 2659 1576 2739 allegorian,
1596 2659 1650 2719 sed
1674 2669 1707 2717 ut
1727 2659 1827 2719 natira
1847 2656 2017 2737 significatio
2039 2661 2182 2721 sermonis
2201 2659 2342 2739 postulat.

618 2781 833 2859 lneptissimnm
853 2798 946 2859 genus
968 2791 1014 2839 est
1033 2779 1170 2856 illorum,
1191 2781 1242 2858 qui
1264 2779 1390 2858 quadam
1408 2779 1520 2838 iudaice
1538 2780 1747 2856 superstitione
1768 2777 1876 2838 addicti
1899 2778 2081 2856 glossematis
2106 2777 2297 2858 ludaeorum,
2317 2800 2385 2841 cun
2410 2779 2520 2858 ιἰμηι

491 2885 549 2926 non
570 2867 754 2943 intelligant,
780 2883 837 2924 nec
866 2865 1075 2924 sententiarum
1104 2864 1238 2924 ordinem
1260 2865 1512 2939 animadvertant,
1539 2880 1629 2942 saepe
1649 2862 1791 2924 absurdm
1812 2864 2091 2942 interpretationes,
2117 2885 2154 2925 ac
2175 2884 2261 2942 rere,
2284 2877 2317 2924 ut
2337 2882 2452 2945 graece
2474 2865 2521 2923 di-

493 2951 584 3027 citnr,
613 2944 709 3029 stood
731 2943 771 3008 sd
792 2943 894 3026 μέλος
914 2948 1070 3027 affingunt.
1510 3038 1514 3045 Ι
2090 2948 2093 2953 '
2128 2948 2135 2969 ¹

617 3069 745 3128 omuino
765 3068 922 3144 pecoliaris
942 3066 1037 3126 torma
1059 3076 1105 3124 est
1126 3065 1264 3124 orationis
1286 3064 1473 3142 gnduimae
1494 3060 1573 3119 illius
1593 3061 1788 3139 antiquitatis,
1816 3064 1929 3137 brevis,
1957 3062 2086 3123 conferta
2107 3064 2207 3143 rebus,
2234 3064 2429 3137 remounda,
2460 3083 2522 3122 non

492 3151 644 3230 ambigns3
671 3151 726 3210 sed
753 3152 821 3210 alibi
849 3151 985 3229 proprie,
1013 3151 1127 3226 signate
1160 3160 1191 3209 et
1219 3148 1349 3208 dilucide
1370 3152 1541 3226 proponens
1561 3144 1645 3224 leges
1666 3156 1698 3205 et
1717 3145 1870 3226 dogmata,
1905 3147 1973 3207 alibi
1994 3166 2043 3207 res
2064 3147 2183 3207 easdem
2209 3148 2387 3208 dulcissimis
2416 3147 2520 3228 liguris

491 3237 636 3315 pingens,
656 3253 733 3314 quae
753 3236 794 3295 ita
815 3234 1008 3309 adhibentur,
1035 3244 1068 3292 ut
1090 3233 1190 3291 lumen
1215 3234 1275 3292 sint
1293 3249 1414 3303 eorum,
1442 3244 1520 3309 qnae
1541 3228 1610 3290 abbi
1630 3232 1750 3310 proprio
1771 3248 1908 3292 sermono
1929 3230 2084 3311 dicuntur,
2111 3250 2171 3292 non
2198 3245 2231 3293 ιιι
2250 3231 2413 3293 offundant
2434 3244 2520 3292 tene-

490 3322 574 3398 bras,
596 3330 688 3381 etex
709 3322 797 3381 certis
815 3319 998 3397 dogmatibus
1019 3317 1131 3378 iaciant
1155 3317 1299 3397 ambigua
1401 3346 1404 3352 Δ

618 3437 672 3498 Ηίι
692 3439 790 3498 verbis
811 3435 947 3496 Strobelii
967 3436 1043 3495 liber
1064 3435 1176 3498 finitur.

617 3556 664 3616 lin
685 3559 822 3635 Corporis
844 3553 916 3615 locis
937 3555 1028 3614 ludici
1050 3556 1154 3615 barum
1178 3530 1396 3613 Pmeiafionun'r
1417 3568 1436 3609 a
1456 3548 1604 3611 Strobelio
1626 3552 1815 3613 collectarum
1835 3571 1926 3633 snpra
1946 3551 2099 3631 adscriptis
2120 3554 2314 3633 intelligitur,
2343 3572 2397 3615 eas
2417 3572 2517 3616 omnes

492 3641 552 3783 ipffm
571 3641 603 3698 in
622 3642 709 3701 buius
732 3641 870 3720 Corporis
891 3640 970 3700 Voll.
989 3639 1111 3701 l-lX.
1134 3656 1200 3699 esse
1224 3638 1386 3714 exhibitas,
1412 3635 1524 3696 duabus
1545 3637 1695 3715 exceptis,
1722 3637 1831 3697 scilicet
1852 3636 2085 3698 Praefationibus
2106 3638 2160 3699 Vl.
2182 3651 2215 3697 et
2236 3638 2320 3717 XX,
2346 3657 2420 3719 quas
2440 3658 2517 3700 nnnc

534 3740 660 3785 mil!-

538 4174 596 4234 No.
617 4172 649 4234 d.
1291 4194 1368 4234 tuno
1386 4171 1480 4238 ¹52⁴·
1532 4189 1647 4246 tecum
1672 4175 1890 4267 expostules,
1923 4176 2125 4276 miserearis
2154 4179 2331 4263 aliorum,
2358 4180 2427 4250 tihi
2449 4207 2521 4251 suc-

499 4252 671 4286 W
1304 4251 1475 4287 Μ

897 4348 1074 4414 Lem„
1533 4301 1695 4360 censeas,
1721 4289 1755 4346 te
1778 4302 1939 4362 accuses,
1965 4302 2032 4370 pro
2049 4304 2086 4349 se
2102 4280 2252 4375 quisque
2269 4306 2405 4373 magna
2424 4285 2521 4354 fabu-

1425 4433 1429 4442 .
1503 4413 1509 4488 p
1531 4380 1588 4449 lae
1604 4375 1710 4451 huius
1729 4403 1814 4472 pars
1831 4404 1973 4464 sumus,
1999 4381 2072 4452 suis
2087 4384 2236 4477 quisque
2257 4384 2358 4455 vitiis
2374 4399 2445 4455 eta
2462 4411 2519 4456 no

561 4489 704 4545 Proetsuo
721 4490 750 4541 tr
767 4491 866 4543 tibrum
884 4493 926 4543 sto
942 4493 1120 4557 moriscum:
1137 4493 1306 4548 Hieronica
1319 4495 1483 4563 muso
1505 4491 1509 4550 l
1531 4481 1586 4552 bis
1607 4494 1643 4551 et
1663 4507 1683 4550 a
1701 4482 1839 4577 reliqua
1856 4482 2001 4553 ecclesia
2023 4482 2139 4554 Deum
2162 4485 2376 4560 alienamus.
2431 4488 2520 4558 Haec

596 4560 1104 4696 imiifflrssiflgfsslfgfl
1125 4562 1367 4632 mmmm
1387 4578 1483 4619 ’Μ
1505 4557 1509 4627 3
1533 4584 1672 4656 utinam
1702 4587 1800 4677 apud
1824 4598 1858 4655 te
1889 4588 2089 4677 expendas,
2121 4612 2202 4656 cum
2231 4584 2333 4661 hunc
2360 4591 2518 4661 libellum

653 4758 830 4846 Philippus
853 4755 1094 4826 nezanum
1121 4759 1257 4827 eoo
1280 4759 1321 4829 s·
1411 4837 1421 4852 .,
1532 4711 1749 4881 tqltlt
1768 4712 2007 4877 tzitta
2015 4688 2433 4864 ἶῖἷὲῃέἔὲἷῗῑιζῗέ
2448 4719 2519 4865 tl

592 4892 704 4975 Ecce,
737 4891 788 4960 mi
814 4892 945 4973 lector,
981 4889 1244 4961 acerbissimam
1277 4891 1480 4963 Hieremiae
1533 4890 1663 4961 tiamus
1682 4891 1847 4985 quidem,
1873 4917 1963 4986 quos
1988 4891 2039 4961 sic
2060 4893 2248 4963 fascinavit
2269 4897 2462 4988 impietas,
2483 4911 2520 4967 ut

493 4996 694 5089 querelam,
719 4994 782 5089 qui
794 4992 971 5064 Ecclesiae
987 4991 1164 5063 excidium
1186 5006 1220 5062 et
1232 4989 1410 5063 horrenda
1426 4997 1480 5064 di·
1499 4999 1508 5111 1
1532 4993 1756 5076 erubescere,
1790 4996 2093 5087 quemadmodum
2116 4993 2322 5069 Hieremias
2348 5001 2521 5093 queritur,

492 5097 599 5165 vinae
620 5097 695 5165 irae
723 5098 882 5187 exempla
908 5096 1083 5186 deplorat.
1135 5095 1226 5164 Sunt
1257 5107 1376 5165 autem
1403 5120 1478 5166 non
1503 5119 1507 5180 Ι
1531 5118 1761 5188 nequeamus.
1813 5094 1970 5165 Verbum
1987 5094 2056 5164 Dei
2075 5097 2184 5187 paulo
2201 5112 2286 5168 ante
2308 5102 2415 5172 velut
2432 5100 2520 5171 Cim·

491 5224 621 5294 parum
638 5199 758 5285 multi,
783 5199 846 5293 qui
872 5210 935 5269 aut
952 5198 990 5266 in
1009 5198 1118 5267 tantis
1132 5194 1236 5266 malis
1255 5198 1369 5268 securi
1383 5199 1480 5289 plus·
1502 5183 1507 5308 Ι
1531 5196 1653 5267 meriis
1668 5198 1823 5269 tenebris
1846 5198 2013 5267 obrutum
2036 5199 2189 5282 latebat,
2213 5224 2357 5293 nuper,
2386 5216 2518 5295 postea·

494 5327 601 5398 quam
619 5300 741 5378 ferreis
759 5301 887 5372 animis
902 5300 996 5378 senis
1011 5295 1118 5371 huius
1132 5293 1334 5391 lachrymas
1349 5300 1479 5385 rident,
1531 5323 1638 5391 quarn
1663 5300 1807 5370 emersit
1826 5299 1957 5369 iterum
1980 5300 2104 5370 divino
2132 5301 2326 5389 beneficio,
2362 5308 2514 5387 vertitur.

493 5419 556 5477 aut
588 5401 730 5495 tragicis
764 5404 978 5475 clamoribus
1002 5403 1153 5473 aliorum
1186 5401 1274 5470 vitia
1301 5415 1479 5487 accusant,
1530 5411 1570 5471 ut
1583 5397 1748 5470 Ezechiel
1769 5402 1838 5484 ait,
1862 5402 1900 5469 in
1923 5402 2100 5474 cauticum
2116 5403 2207 5487 oris,
2233 5410 2512 5504 quotusquisque

492 5534 554 5582 sua
579 5505 816 5579 dissimulant.
867 5506 941 5577 Nec
972 5502 1011 5575 bi
1032 5506 1189 5599 primum
1213 5502 1301 5574 loris
1322 5504 1479 5595 sapiunt,
1530 5502 1582 5570 rei
1605 5504 1759 5594 pretium
1777 5503 2002 5574 consideret?
2029 5505 2314 5601 quotusquisque
2342 5514 2397 5582 ad
2418 5512 2511 5604 pieta·

492 5613 621 5683 dcinde
639 5607 888 5704 gravissimum
905 5608 1053 5691 malum,
1071 5611 1155 5678 dum
1170 5606 1307 5675 mederi
1323 5608 1479 5692 student,
1530 5616 1601 5673 tem
1630 5605 1790 5675 animum
1824 5604 1972 5675 adiicit?
2005 5631 2085 5676 cum
2118 5607 2254 5678 interea
2280 5609 2358 5681 Dei
2396 5633 2517 5684 nomen

494 5714 699 5785 exulcerant
722 5726 830 5806 atque
855 5710 1085 5798 exacerbant,
1111 5711 1258 5789 domum
1280 5732 1366 5778 vero
1389 5709 1478 5778 Pto·
1528 5705 1636 5776 nemo
1654 5730 1729 5775 non
1745 5702 1876 5796 lrabeat
1892 5708 1931 5776 in
1949 5705 2039 5777 ore?
2079 5708 2195 5779 Porro
2218 5709 2389 5806 siquem
2406 5718 2520 5786 Hiera·

491 5813 600 5909 pheta
613 5831 648 5887 te
666 5816 829 5900 deducit,
855 5827 895 5882 ut
916 5826 951 5883 te
975 5811 1143 5901 explices,
1170 5811 1209 5879 in
1224 5824 1259 5881 te
1275 5812 1467 5881 descendas
1529 5808 1622 5880 miae
1647 5803 1851 5900 lachrymae
1878 5823 2045 5914 movent,
2083 5810 2186 5883 isex
2203 5807 2276 5883 boc
2298 5816 2434 5891 libello
2453 5840 2526 5888 non
