5534 6700
2409 625 2513 700 -448

481 621 557 696 447
863 611 989 687 ΡΗῙΙ..
1015 611 1130 685 ΜΕΙ..
1156 610 1361 686 SCRIPTA
1387 610 1647 685 fflsnontca
1671 610 1738 682 ET
1765 609 2122 689 Gnounarnlct.

574 790 736 860 Tmou
751 801 872 867 MONS,
897 808 959 853 seu
977 783 1171 875 puritatem
1189 785 1375 877 significat,
1401 811 1464 857 seu
1621 783 1766 869 Ztnott,
1792 782 1934 869 Nomen
1950 781 2077 857 habuit
2091 811 2111 856 a
2127 787 2201 857 lilio
2219 788 2387 876 Canaan,
2412 798 2514 868 utin

470 895 671 969 mutatione
686 889 824 982 primae
840 887 964 957 literae
979 887 1202 971 umbilicum,
1228 890 1313 982 quia
1332 889 1466 959 eminet
1517 886 1634 979 capite
1663 887 1803 956 decimo
1831 888 1979 960 Genesis
2005 891 2177 980 scriptum
2203 904 2266 963 est.
2326 895 2515 987 Significat

471 990 511 1071 in
534 997 609 1067 eius
630 992 787 1084 regionis
803 990 975 1082 planitie,
1002 991 1100 1060 velut
1118 990 1318 1062 umbilicus.
1369 991 1463 1063 Nam
1517 1002 1637 1059 autem
1655 988 1772 1058 Zidon
1794 992 2034 1063 venationem.
2087 991 2213 1063 Deleta
2229 996 2274 1063 ab
2289 993 2407 1086 Ocho,
2427 1026 2514 1096 rege

470 1100 623 1173 altitudo
640 1108 692 1166 est
704 1095 903 1164 stadiorum
922 1092 1090 1183 triginta,
1115 1106 1150 1162 et
1166 1093 1361 1165 cacuminis
1380 1119 1463 1164 area
1516 1091 1722 1175 Persarum,
1743 1093 1806 1185 qni
1823 1117 1902 1163 cum
1920 1119 1998 1164 eam
2014 1096 2219 1186 proditione
2236 1100 2400 1191 cepisset,
2419 1108 2514 1176 mul-

470 1204 686 1275 diametrum
703 1193 813 1267 habet
830 1196 1029 1267 stadiorum
1045 1195 1119 1264 fere
1137 1196 1275 1287 viginti.
1517 1194 1633 1265 titudo
1660 1193 1737 1284 ipsa
1761 1195 1887 1265 urbem
1913 1196 2091 1280 incendit,
2118 1211 2154 1267 et
2176 1201 2364 1290 perierunt
2389 1206 2514 1277 incen-

571 1302 795 1384 Burflattm,
821 1299 960 1370 Domus
985 1299 1209 1369 obedientiae
1227 1301 1286 1368 vel
1301 1299 1464 1368 afflictio·
1515 1297 1577 1366 dio
1600 1296 1741 1366 circiter
1763 1300 2000 1390 quadraginta
2019 1300 2131 1370 millia
2148 1297 2351 1377 hominnm.
2405 1308 2512 1381 Talia

469 1408 547 1490 nis,
590 1405 664 1476 sive
693 1406 823 1473 domus
851 1403 987 1493 gratiae
1011 1401 1183 1486 Domini,
1217 1402 1280 1471 ubi
1301 1398 1464 1472 Christus
1516 1422 1729 1491 magnarum
1758 1413 1795 1468 ει
1816 1402 2168 1491 opulentissimarum
2191 1406 2336 1477 urbium
2360 1413 2512 1498 excidia,

469 1534 571 1583 suam
595 1506 772 1575 infinitam
797 1508 996 1596 potentiam
1020 1505 1151 1576 illustri
1171 1505 1379 1575 testimonio
1404 1506 1463 1574 de·
1515 1516 1600 1573 sunt
1621 1501 1774 1593 insignia
1797 1505 2001 1574 testimonia
2017 1506 2094 1574 irae
2109 1505 2178 1576 Dei
2193 1511 2362 1581 adversus
2374 1517 2511 1585 scelera

470 1611 641 1694 claravit,
667 1621 836 1678 revocato
860 1608 898 1677 in
919 1608 1029 1676 vitam
1047 1605 1284 1677 Lazaroantc
1302 1609 1461 1678 triduum
1515 1600 1725 1688 hominum,
1758 1616 1793 1673 et
1817 1621 1984 1690 monent,
2016 1633 2064 1678 ne
2085 1634 2236 1700 magnae
2259 1626 2294 1682 et
2316 1617 2509 1704 opulentae

470 1715 638 1787 extincto.
691 1711 831 1781 Mentio
854 1706 960 1781 huius
982 1706 1165 1782 litMattb.
1179 1711 1243 1786 21.
1268 1710 1381 1782 Marc.
1403 1711 1462 1782 11.
1515 1708 1621 1778 urbes
1653 1707 1862 1797 indulgeant
1888 1710 2009 1795 luxui,
2043 1713 2252 1799 ambitioni,
2286 1715 2510 1804 libidinibus,

474 1817 534 1891 14,
560 1814 844 1888 loann.1l.12.
1514 1810 1722 1901 rapacitati,
1757 1809 1998 1884 existimantes
2022 1839 2059 1884 se
2082 1814 2229 1907 impune
2255 1842 2406 1910 peccare,
2425 1846 2510 1913 pro·

571 1918 698 2001 Nam,
730 1918 768 1987 id
791 1929 863 2000 est,
888 1938 1054 1988 amoena.
1105 1910 1268 1987 Christus
1288 1940 1307 1985 e
1330 1914 1463 2008 Caper·

468 2047 579 2092 naum
603 2021 723 2090 exiens
740 2019 940 2111 ingreditur
957 2017 1085 2101 Naim,
1112 2017 1199 2087 etin
1215 2031 1321 2110 porta
1339 2018 1463 2087 civita-

468 2125 514 2195 tis
527 2124 673 2194 unicum
689 2124 818 2193 viduae
833 2121 946 2190 lilium
963 2145 982 2189 a
1000 2121 1152 2191 mortuis
1171 2122 1320 2205 excitat,
1346 2134 1382 2190 et
1398 2123 1463 2190 do-

468 2228 583 2299 lorem
606 2226 815 2319 luctumque
840 2225 969 2295 viduae
990 2224 1028 2292 in
1045 2225 1303 2294 iucunditatem
1322 2236 1357 2293 ει
1376 2248 1462 2314 gau·

468 2330 568 2401 dium
589 2329 778 2398 convertit.

570 2430 863 2512 DALMANUTHA,
890 2427 927 2497 id
952 2440 1024 2512 est,
1050 2451 1251 2520 pauperum
1273 2423 1461 2510 habitatio,

468 2559 604 2605 nomen
627 2533 843 2602 conveniens
863 2529 1054 2601 Ecclesiae.
1105 2528 1147 2599 ln
1164 2526 1257 2600 bane
1275 2531 1460 2620 regionem

446 2622 569 2707 ¹venit
595 2632 757 2707 Christus
789 2659 869 2705 cum
903 2632 1087 2725 discipulis
1119 2633 1212 2717 suis,
1249 2629 1380 2726 Mattb.
1401 2632 1461 2704 16.

469 2739 582 2811 Marc.
598 2738 634 2809 8.

572 2841 828 2922 BETHABARA,
869 2837 1051 2928 Significat
1089 2840 1237 2905 domum
1278 2836 1460 2909 transitus.

467 2943 523 3017 Eo
542 2943 638 3013 enim
656 2945 736 3012 loco
748 2942 883 3011 divisae
902 2964 1017 3033 aquae
1033 2936 1196 3009 Iordanis
1212 2951 1328 3009 tutum
1346 2952 1461 3010 trans·

468 3047 559 3117 itum
582 3042 707 3115 losuae
736 3055 771 3111 et
794 3042 862 3111 toti
878 3043 1012 3134 populo
1028 3038 1222 3110 Israelitico
1238 3064 1303 3132 per
1319 3043 1460 3112 alveum

428 3124 436 3147 ⁸
468 3148 629 3219 fluminis
652 3146 914 3237 praebuerunt,
947 3143 1013 3213 los.
1031 3144 1067 3214 8.
1082 3141 1119 3215 4.
1177 3143 1245 3219 Hic
1267 3144 1462 3235 baptizavit

404 3304 406 3309 ,
469 3249 622 3321 loannes
646 3245 828 3319 Christum
858 3259 894 3316 ει
922 3246 1097 3337 plurimos
1124 3245 1225 3317 alios.
1277 3243 1408 3320 Mattb.
1424 3243 1460 3319 ὅ.

469 3354 585 3427 Huius
602 3353 674 3424 loci
688 3364 874 3444 praeterea
894 3350 1061 3420 meminit
1073 3347 1227 3420 loannes
1246 3348 1281 3421 1.
1294 3353 1330 3422 3.
1349 3362 1385 3419 ει
1402 3352 1461 3422 10.

571 3455 808 3537 DECAPOLIS,
834 3454 977 3526 Nomen
1000 3465 1053 3524 cst
1071 3453 1229 3544 regionis
1247 3452 1286 3522 in
1302 3466 1460 3524 extrema

470 3567 539 3632 ora'
555 3555 779 3629 Phoenicum
804 3570 840 3625 et
857 3556 1062 3638 Galilaeae,
1094 3579 1186 3650 quae
1210 3557 1316 3627 urbes
1337 3558 1459 3626 decem

470 3662 739 3754 complectitur,
770 3684 860 3752 quas
882 3659 1023 3728 etiamsi
1045 3683 1121 3728 non
1147 3681 1294 3749 prorsus
1317 3661 1459 3729 easdem

468 3766 622 3836 recitant
652 3763 863 3852 scriptores,
897 3774 1020 3831 tamen
1049 3761 1188 3830 vicinae
1214 3762 1461 3835 nominantur.

468 3865 604 3961 Estque
622 3866 720 3954 regio
738 3865 832 3933 inter
848 3863 1063 3934 Damascum
1087 3877 1121 3932 et
1136 3863 1327 3948 Sidonem,
1353 3878 1390 3933 et
1409 3867 1461 3934 la-

468 3994 550 4042 cum
567 3963 812 4050 Genezareth,
838 3978 874 4035 et
890 3965 1101 4037 Caesaream
1116 3963 1288 4058 Philippi.

570 4071 798 4152 Damascus,
823 4068 944 4139 Distat
965 4093 984 4137 a
1008 4067 1460 4161 lerosolyma'germanicis

467 4175 668 4245 miliaribus
678 4172 709 4265 ὓ)
733 4172 971 4265 quadraginta
986 4173 1138 4242 duobus.
1182 4168 1461 4268 Breitenbacht)

466 4279 630 4352 scribita
655 4274 875 4369 lerosolyma
898 4277 943 4344 ad
964 4274 1180 4348 Damascum
1208 4299 1282 4345 esse
1306 4274 1375 4343 iter
1399 4299 1461 4346 sex

467 4382 628 4459 diemm;
674 4380 780 4448 situm
818 4379 938 4448 tabula
974 4378 1136 4450 ostendit¹
1163 4378 1216 4452 in·
1235 4377 1459 4452 Antilibano.

466 4484 563 4554 Urbs
606 4494 657 4552 est
698 4480 957 4563 vetustissima,
999 4481 1050 4546 in·
1079 4504 1148 4574 qua
1185 4498 1281 4550 nnnc
1314 4505 1460 4574 quoque

380 4663 384 4673 ,
467 4611 598 4678 magna
619 4584 751 4653 civium
775 4583 975 4677 frequentia
997 4594 1068 4668 est,
1096 4593 1134 4652 ει
1144 4582 1266 4673 magni
1282 4598 1460 4654 mercatus

1514 1925 1594 2004 pter
1609 1912 1821 2003 potentiam.

1617 2014 1773 2098 TYRUS,
1814 2015 1957 2086 colonia
1988 2018 2076 2102 fuit,
2110 2021 2261 2091 deducta
2292 2048 2335 2094 er
2360 2024 2508 2099 Sidone.

1513 2115 1656 2187 Nomen
1678 2114 1860 2188 Ebraeum
1884 2134 1937 2190 est
1958 2121 2049 2204 Zor,
2075 2121 2205 2206 idest,
2231 2126 2392 2210 rebellis,
2420 2131 2509 2222 quia

1514 2219 1683 2288 credibile
1715 2232 1768 2291 est
1795 2234 1936 2311 partem
1966 2223 2097 2293 civium
2126 2250 2170 2295 ex
2193 2227 2326 2298 Sidone
2355 2245 2509 2322 propter

1513 2320 1726 2391 seditionem
1760 2321 1869 2391 aliam
1902 2328 2024 2395 sedem
2057 2327 2096 2395 in
2131 2328 2251 2398 littore
2279 2333 2507 2426 quaesivisse.

1513 2422 1616 2493 Hanc
1641 2425 1846 2495 Alexander
1878 2441 1961 2519 post
1992 2429 2215 2501 obsidionem
2241 2448 2379 2526 septem
2405 2461 2507 2506 men-

1513 2525 1606 2596 sium
1636 2527 1888 2619 expugnavit,
1912 2531 2097 2602 trucidatis
2118 2547 2254 2626 septem
2277 2538 2437 2609 millibus
2459 2541 2507 2609 ci-

1513 2629 1632 2712 vium,
1660 2643 1696 2700 et
1714 2629 1843 2699 deinde
1860 2633 2001 2705 duobus
2017 2634 2173 2707 millibus
2186 2641 2429 2729 strangulatis.

1615 2730 1713 2802 Haec
1742 2733 1941 2804 tristissima
1968 2737 2102 2807 excidia
2124 2740 2275 2810 duarum
2298 2742 2507 2813 vicinarum

1513 2833 1678 2919 urbium,
1704 2859 1796 2928 quae
1820 2839 2001 2926 opulentia
2026 2852 2062 2908 et
2086 2842 2221 2912 artibus
2241 2843 2315 2911 fere
2332 2848 2507 2916 omnibus

1513 2936 1662 3007 urbibus
1694 2938 1734 3009 in
1768 2951 1845 3009 toto
1881 2943 1968 3010 orbe
2003 2955 2180 3012 terrarum
2209 2947 2507 3033 antecelluerunt,

1513 3039 1690 3128 praedixit
1717 3038 1862 3125 Esaias,
1901 3045 1966 3137 qui
1992 3047 2208 3115 nominatim
2235 3048 2288 3115 ait
2311 3049 2435 3119 ducem
2459 3074 2506 3119 ex

1513 3137 1648 3211 Citbim
1665 3144 1904 3215 adventurum
1919 3170 1993 3219 esse
2009 3149 2055 3216 ad
2070 3147 2222 3241 Tyrum.
2275 3149 2365 3221 Sunt
2380 3164 2505 3220 autem

1513 3239 1646 3315 Citbim
1662 3246 1891 3319 Macedones.
1942 3247 1990 3321 Et
2010 3274 2144 3320 nornen
2170 3247 2305 3323 Citbim
2328 3252 2505 3345 siguificat

1512 3371 1751 3445 percussores.
1803 3435 1805 3439 Ι

1547 3515 1550 3520 ,
1607 3447 1797 3524 'inundata
1821 3454 1859 3523 in
1878 3453 2058 3525 radicibus
2070 3453 2202 3526 Libani
2221 3459 2358 3544 oritur,
2384 3471 2420 3528 ει
2439 3455 2505 3529 ha-

1511 3554 1574 3624 bet
1594 3555 1685 3625 duos
1707 3558 1843 3640 sontes,
1870 3581 1983 3628 unum
2004 3560 2152 3630 nomine
2174 3558 2254 3645 lor,
2281 3563 2381 3657 quod
2395 3561 2506 3653 signi-

1512 3656 1594 3724 ficat
1607 3656 1786 3742 rivulum,
1809 3672 1845 3727 et
1861 3659 2011 3734 alterum
2028 3663 2175 3732 nomine
2192 3661 2287 3736 Dan.
2332 3664 2382 3733 Hi
2395 3665 2506 3736 simul

1513 3758 1635 3841 mixti,
1658 3758 1822 3831 Iordanis
1839 3786 1980 3832 nomen
1989 3765 2157 3836 efficiunt.

1614 3862 1893 3947 Gunusfflru,
1927 3864 2044 3938 Lacus
2076 3881 2129 3937 est
2162 3867 2433 3959 limpidissimus
2467 3885 2505 3940 et

1512 3963 1670 4055 piscosus
1703 3967 1742 4036 in
1775 3967 1957 4052 Galilaea,
1991 3993 2126 4039 nomen
2161 3966 2270 4040 babet
2301 3996 2321 4039 a
2347 3972 2505 4043 viciniae

1512 4068 1741 4139 amoenitate.
1793 4068 1887 4142 Nam
1902 4070 2062 4144 Genesar
2081 4074 2212 4144 dicitur
2225 4070 2352 4144 hortus
2368 4074 2506 4166 princi-

1512 4170 1586 4261 pis..
1628 4169 1780 4246 Dicitur
1804 4185 1841 4242 et
1864 4173 1948 4244 urbs
1970 4173 2085 4244 vicina
2110 4177 2267 4247 etlacus
2290 4174 2462 4247 Cinereth
2482 4203 2506 4247 a

1511 4273 1643 4363 ignca,
1671 4274 1787 4354 Nam·
1797 4271 1967 4346 Cinereth
1983 4277 2158 4368 significat
2174 4275 2378 4351 citharam..

1580 4375 1826 4462 Cultam,
1852 4378 1968 4464 idest,
1991 4381 2108 4463 limes,
2129 4381 2228 4471 regio
2243 4382 2281 4449 in
2294 4382 2411 4452 limite
2421 4381 2505 4453 sita.

1579 4551 1582 4558 ,
1614 4477 1818 4564 Gttttttntts,
1839 4480 1934 4551 dicta
1953 4495 2005 4554 est
2020 4508 2039 4552 a
2056 4483 2109 4553 Ge
2125 4483 2299 4567 Hinuom,
2325 4484 2506 4579 quae.lnit

1512 4580 1613 4654 vallis
1636 4580 1676 4650 iu
1701 4581 1798 4652 tribu
1821 4583 2034 4670 Beniamin,
2075 4587 2137 4657 nbi
2157 4588 2250 4655 facta
2281 4599 2367 4660 sunt
2390 4586 2505 4678 impia

467 4702 561 4764 sunt.
612 4686 860 4781 Etymologias
877 4685 938 4754 alii
956 4685 1044 4754 alias
1059 4697 1255 4779 quaerunt,
1282 4710 1347 4775 ego
1364 4681 1461 4756 hanc
1510 4683 1702 4775 sacrificia,
1728 4684 1768 4754 in
1784 4686 1913 4779 quibus
1929 4688 2082 4758 infantes
2099 4688 2246 4758 cremati
2260 4702 2355 4760 sunt.
2407 4689 2505 4758 Pro·

466 4794 626 4875 retineo,
652 4790 844 4881 Sanguinis
866 4814 1006 4871 saccus,
1032 4789 1115 4882 qnia
1133 4801 1233 4860 vetus
1251 4789 1374 4878 opinio
1394 4802 1460 4873 est,
1511 4799 1591 4879 pter
1606 4782 1699 4855 hanc
1716 4788 1940 4868 atrocitatem
1957 4792 2171 4861 translatum
2188 4805 2240 4863 est
2256 4816 2389 4862 nomen
2403 4804 2506 4882 post-

466 4897 506 4965 in
529 4921 568 4965 ea
591 4894 738 4985 regione
758 4893 982 4962 interiectum
1006 4915 1080 4961 esse
1097 4892 1200 4963 Abel.
1252 4891 1356 4960 Certe
1374 4915 1460 4961 con·
1512 4914 1552 4959 ea
1575 4891 1789 4970 adinteros.
1828 4890 2011 4983 Significat
2026 4907 2145 4964 autem
2160 4894 2215 4965 Ge
2237 4895 2388 4978 vallem,
2413 4894 2506 4963 llin-

411 5073 416 5087 ,
467 5012 676 5072 sentaneum
700 5009 772 5079 est,
798 4996 936 5087 primos
958 5007 1075 5087 patres
1098 4994 1196 5064 illam
1219 4993 1389 5063 viciniam
1407 5008 1460 5065 te·
1511 5017 1597 5062 nom
1624 4994 1855 5084 spoliatorem
1878 5020 1942 5065 seu
1968 4995 2235 5082 insidiatorem,
2266 4999 2506 5084 truncabat,

466 5105 598 5178 fluisse.
1512 5096 1561 5170 eia
1580 5095 1810 5185 nascentum.

1539 5243 1544 5262 .
1613 5197 1800 5283 Enalos,
1834 5212 1958 5290 postea
1990 5201 2175 5294 Nicopolis
2205 5203 2300 5272 dicta
2331 5215 2397 5273 est.
2455 5200 2505 5272 Ει

1511 5300 1654 5372 videtur
1676 5298 1764 5380 mibi
1789 5298 1877 5372 haec
1894 5327 2019 5395 graeca
2039 5306 2233 5397 appellatio
2251 5304 2502 5397 interpretatio

475 5288 687 5309 μ

501 5416 721 5480 sanitaribus]
740 5415 790 5465 Ed.
811 5414 885 5466 1680.
904 5427 1064 5479 perperam:
1088 5414 1265 5466 miltitsribus

501 5508 533 5567 6)
552 5507 628 5556 flacc
651 5504 779 5566 spectant
795 5502 847 5552 cd:
877 5504 1041 5552 Sanctarum
1058 5502 1314 5567 peregrinationum
1333 5502 1362 5554 iu
1380 5514 1461 5554 mou-

537 5578 593 5625 tam
611 5576 689 5638 syon
707 5573 743 5622 ad
760 5572 947 5622 venerandum
959 5572 1065 5622 christi
1082 5572 1257 5634 sepulchrum
1275 5572 1304 5621 tn
1322 5572 1462 5622 ttternssss

534 5645 591 5695 lem
614 5649 697 5706 atqua
722 5643 750 5692 tn
774 5644 894 5693 montem
913 5640 990 5691 Siout
1013 5642 1048 5690 ad
1072 5642 1163 5691 dinam
1182 5640 1319 5705 virginem
1336 5644 1367 5692 ει
1383 5652 1464 5691 ucr-

534 5717 627 5778 tyren
653 5711 847 5779 Katterinam,
880 5711 1041 5773 opusculum
1062 5712 1171 5762 Barata.
1195 5711 1230 5761 de
1254 5711 1461 5772 Breudeatoct

520 5783 620 5843 ‘tecet
632 5783 840 5848 moguntinam.
854 5779 974 5842 Desunt,
993 5779 1075 5829 stunt
1091 5781 1119 5829 et
1132 5779 1305 5840 cenercrtt).
1340 5779 1463 5844 impres·

534 5865 598 5903 ann
615 5865 666 5919 per
683 5853 796 5912 Petrum
811 5852 921 5917 oracta,
934 5847 1030 5906 ,ctum
1048 5848 1223 5914 antrum.-
1238 5847 1315 5901 1⁸⁰2.
1334 5849 1396 5903 rot

1512 5428 1585 5475 esse
1607 5405 1771 5476 vocabuli
1792 5403 1985 5491 Emmaus,
2018 5411 2116 5502 quod
2140 5408 2317 5499 significat
2347 5419 2505 5476 matrem

1510 5505 1733 5588 fortitudinis
1754 5533 1817 5579 scu
1838 5509 2028 5592 victoriae,
2055 5537 2097 5581 ac
2119 5526 2224 5604 typus
2240 5526 2294 5583 est
2310 5509 2505 5594 Ecclesiae,

1511 5622 1676 5703 quaeest
1701 5611 1847 5696 victrix,
1875 5614 1958 5707 qnia
1981 5614 2074 5686 lilius
2089 5613 2157 5684 Dei
2174 5629 2294 5686 servat
2310 5639 2408 5697 earn,
2435 5638 2509 5684 nec

1509 5711 1595 5796 sinit
1610 5735 1690 5782 eam
1705 5738 1725 5784 a
1742 5716 1905 5807 tyrannis
1919 5717 2043 5788 deleri.
2076 5717 2149 5787 Alii
2165 5718 2505 5811 interpretationem

1509 5815 1756 5904 tradiderunt,
1789 5818 1907 5892 Mater
1927 5819 2090 5905 consilii,
2116 5824 2216 5916 quod
2236 5821 2348 5892 etiam
2368 5822 2417 5892 ad
2436 5821 2504 5893 Ec·
