5534 6700
359 563 441 639 rsa
992 550 1352 626 anstrannum
1376 551 1445 624 an
1470 549 1614 622 von.
1640 548 1767 622 1-se
2318 557 2396 631 m

366 727 600 813 calendario,
634 727 733 820 quod
756 727 804 795 ad
826 748 892 795 nos
915 722 1097 816 pervenit,
1132 724 1233 797 statis
1260 724 1388 819 festisl
1513 721 1664 812 Quoties
1686 721 1837 812 legimus
1861 719 1977 791 aDeo
1999 747 2065 814 per
2081 722 2223 794 Moisen
2237 728 2398 819 praecipi

365 831 493 926 populi
507 827 688 912 Romani,
718 828 826 896 etiam
843 824 1011 898 historias
1025 829 1197 920 quasdam
1222 849 1358 895 memo·
1408 821 1569 906 ludaeis,
1602 836 1644 893 ut
1672 824 1855 893 mirandas
1884 823 1994 914 ipsius
2016 825 2246 896 liberationes
2272 833 2397 899 crebra

365 933 497 1005 rabiles
524 953 686 1020 aspersas
711 952 807 1011 esse,
841 953 930 1021 quas
952 930 1146 995 voluerunt
1167 925 1359 997 Pontifices
1409 925 1623 1016 repetitione
1642 925 1724 995 liliis
1743 927 1816 997 suis
1840 925 2034 995 inculcent!
2084 926 2133 997 Et
2148 929 2292 1022 quidem
2311 931 2398 1000 dicit

366 1057 488 1105 annua
513 1031 727 1122 repetitione
748 1033 794 1099 ad
818 1053 961 1098 omnem
978 1027 1223 1118 posteritatem
1243 1041 1359 1099 frans·
1410 1039 1526 1097 textus
1548 1027 1784 1108 nominatim,
1816 1027 1898 1096 ideo
1924 1029 2011 1098 festa
2035 1026 2196 1099 instituta
2221 1054 2315 1114 esse,
2345 1045 2399 1116 ut,

367 1135 474 1207 mitti.
1410 1129 1440 1199 si
1458 1129 1681 1220 interrogent
1695 1129 1842 1222 posteri,
1869 1131 1955 1223 quid
1971 1130 2038 1201 sibi
2054 1131 2144 1202 ritus
2158 1131 2209 1200 illi
2225 1133 2396 1204 festorum

469 1235 573 1304 Hunc
602 1230 831 1314 utilissimum
860 1255 999 1301 morem
1028 1231 1358 1324 antiquissimorum
1410 1231 1543 1314 velint,
1567 1233 1707 1301 edoceri
1723 1232 1862 1323 possint
1875 1234 1919 1301 de
1934 1232 2020 1324 ipsis
2034 1234 2213 1303 beneficiis
2229 1232 2297 1303 Dei
2314 1231 2399 1306 huic

367 1351 532 1430 patrum,
563 1333 743 1417 Ecclesia,
778 1357 870 1427 quae
901 1357 967 1424 per
988 1333 1182 1423 Apostolos
1210 1335 1357 1403 collecta
1410 1334 1546 1426 populo
1569 1334 1760 1426 praestitis.
1811 1333 1894 1426 Quo
1911 1347 2101 1425 praecepto
2117 1335 2214 1406 Deus
2230 1349 2266 1405 et
2281 1351 2399 1429 poste,-

366 1440 454 1524 fuit,
486 1437 645 1517 imitata,
677 1431 904 1507 hauddubie
928 1436 1069 1504 monitu
1086 1435 1359 1527 Apostolorum,
1410 1459 1471 1507 ros
1491 1436 1591 1505 iubet
1614 1460 1785 1529 quaerere
1807 1439 1852 1505 de
1880 1436 2139 1528 significatione
2167 1437 2324 1522 rituum,
2355 1460 2399 1508 ac

312 1564 314 1568 ·
368 1539 563 1635 quotannis
583 1538 690 1608 certis
709 1537 834 1609 diebus
862 1538 1017 1608 celebrat
1039 1539 1250 1607 memoriam
1274 1562 1358 1608 eon·
1411 1560 1513 1607 causa
1550 1538 1702 1607 instituti
1734 1538 1834 1620 festi,
1868 1551 1904 1606 et
1930 1551 2097 1630 parentes
2129 1540 2243 1630 cogit,
2277 1553 2336 1629 ut,
2367 1540 2399 1613 si

369 1643 482 1732 cepti,
516 1640 612 1722 nati,
644 1641 821 1724 crucifixi,
852 1639 1070 1720 resuscitati,
1106 1653 1142 1710 et
1163 1642 1297 1732 recepti
1320 1641 1358 1710 in
1411 1639 1559 1709 omnino
1589 1639 1660 1731 ipsi
1686 1640 1797 1708 velint
1826 1664 1898 1710 esse
1922 1652 1995 1709 tam
2016 1641 2185 1711 scelerate
2208 1640 2340 1734 ingrati
2363 1653 2399 1710 et
2518 1677 2521 1683 ·

371 1744 509 1813 coelum
536 1741 684 1810 Domini
714 1743 829 1812 nostri
853 1740 932 1811 lesu
955 1737 1106 1826 Christi,
1139 1756 1176 1811 et
1202 1744 1356 1813 aliorum
1411 1729 1596 1824 obliriosi‚
1622 1755 1663 1811 ut
1684 1766 1748 1833 per
1773 1767 1809 1811 se
1831 1766 1906 1811 non
1927 1755 2091 1833 repetant
2116 1744 2186 1814 illis
2201 1744 2288 1836 ipsis
2301 1743 2398 1823 festis

369 1846 599 1939 quorundam
621 1844 819 1926 factorum,
845 1857 1071 1934 sumptorum
1097 1868 1140 1913 ex
1162 1848 1286 1914 eadem
1305 1842 1359 1913 hi·
1411 1842 1535 1915 diebus
1569 1845 1851 1936 magnitudinem
1891 1844 2096 1914 divinorum
2131 1846 2399 1931 beneficiorum,

369 1947 495 2029 storia,
522 1969 675 2038 quorum
692 1956 900 2036 perpetuam
919 1946 958 2013 in
973 1945 1128 2015 Ecclesia
1145 1947 1356 2016 memoriam
1410 1945 1534 2016 saltem
1557 1945 1712 2016 filiorum
1738 1970 1884 2016 suorum
1908 1946 2172 2038 percontationi
2199 1946 2398 2019 necessario

370 2061 509 2129 extare,
534 2070 609 2114 non
635 2048 781 2136 prodest
803 2049 942 2129 solum,
967 2049 1029 2117 sed
1053 2048 1159 2116 etiam
1176 2062 1359 2119 estneees·
1410 2049 1682 2130 satisfacientes,
1714 2048 1821 2117 simul
1843 2048 1911 2141 ipsi
1935 2072 2079 2143 quoque
2104 2051 2300 2118 eorundem
2316 2071 2400 2140 ope·

367 2150 524 2231 sarium,
551 2148 660 2240 fitque
677 2148 880 2241 aliquorum
903 2149 1027 2218 talium
1047 2150 1221 2219 factorum
1240 2174 1358 2220 recor·
1383 2199 1387 2218 .
1410 2174 1490 2221 rum
1506 2147 1575 2218 Dei
1592 2151 1836 2220 recordentur.

370 2253 469 2321 dado
493 2251 563 2320 illis
586 2250 673 2340 ipsis
697 2249 821 2319 diebus
842 2249 1040 2331 mensium,
1066 2252 1195 2344 quibus
1213 2253 1297 2321 olim
1317 2277 1357 2321 ea
1382 2225 1388 2308 l
1512 2250 1591 2320 Hoc
1613 2263 1841 2344 praeceptum
1866 2253 1972 2320 etiam
1992 2252 2036 2319 ad
2054 2276 2120 2322 nos
2133 2254 2312 2344 pertinere
2328 2253 2400 2322 exi-

371 2353 529 2423 evenisse
552 2353 759 2422 creduntur.
810 2350 911 2443 Quae
938 2355 1158 2422 consuetudo
1180 2352 1358 2424 Ecclesiae
1410 2353 1606 2435 stimemus,
1634 2355 1694 2448 qui
1712 2354 1750 2421 in
1765 2353 1920 2424 Ecclesia
1938 2350 2070 2423 Christi
2086 2353 2252 2437 vivimus,
2277 2368 2311 2423 et
2325 2376 2400 2424 non

371 2453 438 2525 etsi
459 2453 505 2522 ab
528 2452 706 2546 aliquibus
728 2454 888 2543 profanis
909 2449 1115 2524 bominibus
1136 2468 1176 2525 ut
1192 2455 1359 2547 supersti·
1410 2454 1554 2524 illorum
1571 2467 1711 2525 tantum
1727 2456 2002 2539 beneficiorum,
2029 2480 2120 2550 quae
2135 2458 2271 2549 populo
2286 2454 2400 2526 lsrae-

373 2554 462 2626 dosa
487 2567 522 2625 et
545 2554 680 2625 inutilis
703 2554 883 2625 interdum
911 2557 1151 2626 contemnitur
1180 2556 1237 2649 (ut
1260 2559 1359 2626 inve·
1384 2575 1386 2580 ’
1410 2557 1509 2626 litico
1524 2555 1622 2626 Deus
1638 2559 1865 2648 peculiariter
1877 2557 2076 2649 praestitit,
2101 2557 2179 2628 iure
2195 2557 2399 2650 adoptionis
2442 2555 2444 2559 ’

372 2656 522 2743 niuntur
543 2680 805 2750 nonnunquam
822 2657 953 2750 aliqui,
980 2660 1110 2750 quibus
1126 2683 1251 2729 omnes
1268 2658 1358 2728 anti·
1410 2658 1603 2751 participes
1629 2659 1715 2727 facti
1744 2684 1887 2743 sumus,
1912 2652 1990 2730 'sed
2022 2660 2127 2728 etiam
2158 2686 2200 2730 ex
2225 2664 2399 2730 immensa

372 2759 519 2852 quitatis
540 2758 630 2828 ritus
653 2758 940 2856 improbantur),
966 2772 1085 2830 tamen
1105 2762 1215 2830 animi
1230 2761 1358 2831 libera·
1383 2788 1387 2861 ς
1410 2759 1480 2830 Dei
1504 2759 1769 2843 misericordia,
1810 2786 1889 2829 cum
1914 2762 2021 2830 alieni
2044 2787 2197 2833 essemus
2222 2787 2240 2828 a
2263 2762 2399 2855 populo

369 2862 422 2931 les
438 2885 457 2928 a
474 2859 601 2951 primis
618 2861 720 2932 annis
736 2862 913 2933 assuefieri
929 2864 1079 2945 debent,
1105 2876 1146 2931 ut
1167 2864 1359 2957 antiquita·
1383 2864 1388 2928 l
1411 2863 1540 2955 ipsius,
1574 2862 1642 2931 alia
1667 2887 1810 2957 quoque
1832 2863 1970 2932 infinita
1988 2861 2055 2932 Dei
2078 2866 2172 2932 dona
2195 2867 2233 2931 in
2256 2859 2399 2933 Christo

371 2964 418 3033 tis
434 2962 496 3054 pia
519 2961 685 3044 inventa,
717 2987 809 3055 quae
832 2988 912 3032 cum
934 2966 1044 3034 verbo
1063 2963 1130 3033 Dei
1147 2977 1360 3056 congruunt,
1383 2932 1388 3014 i
1412 2964 1622 3058 consequuti
1635 2989 1770 3048 sumus,
1797 2990 1950 3059 quorum
1969 2966 2180 3035 memoriam
2196 2989 2401 3058 nosperpe·

373 3076 408 3133 et
428 3064 598 3154 exemplis
612 3063 944 3156 antiquissimorum
962 3079 1105 3157 patrum
1122 3068 1360 3158 consproban·
1383 3023 1388 3109 l
1412 3079 1471 3139 tua
1490 3066 1707 3157 gratitudine
1726 3067 1903 3137 celebrare
1921 3068 2034 3137 multo
2050 3067 2175 3138 iustius
2194 3081 2266 3150 est,
2290 3091 2399 3160 quam

373 3179 452 3247 tur,
487 3187 610 3234 amare
646 3165 802 3248 discant,
840 3179 875 3236 et
900 3189 975 3236 non
1001 3181 1134 3238 temere
1161 3169 1359 3239 convellere
1411 3167 1561 3239 ludaeos
1583 3167 1832 3238 liberationem
1856 3169 1895 3237 in
1914 3169 2071 3253 diluvio,
2098 3183 2160 3239 aut
2175 3169 2398 3240 eductionem

372 3270 541 3339 audeant.
1413 3295 1455 3341 ex
1480 3272 1664 3364 Aegypto,
1704 3282 1767 3341 aut
1800 3271 2074 3364 patefactionem
2108 3270 2194 3364 legis
2221 3271 2401 3340 celebrare

476 3367 567 3439 Cum
590 3366 699 3458 igitur
722 3382 860 3440 constet
883 3395 925 3440 ex
947 3366 1004 3442 his
1017 3373 1187 3463 exemplis
1203 3397 1360 3444 summo·
1413 3374 1606 3468 quotannis
1629 3376 1831 3465 oportebat.

373 3496 455 3543 rum
469 3465 782 3554 Patriarcharum,
811 3473 1013 3542 narrationi
1038 3497 1157 3543 rerum
1180 3489 1358 3566 gestarum
1515 3474 1592 3543 Hoc
1607 3490 1725 3543 autem
1741 3489 1782 3546 ut
1795 3476 1913 3567 aptius
1926 3476 2003 3544 fieri
2018 3475 2141 3567 possit,
2158 3478 2259 3544 decet
2272 3500 2402 3544 unum·

374 3576 413 3644 in
428 3572 585 3645 Ecclesia
608 3573 690 3643 ideo
710 3573 935 3665 potissimum
955 3576 1030 3646 dies
1053 3576 1183 3647 alicubi
1204 3577 1360 3650 adiectos
1413 3600 1591 3671 quemque
1607 3602 1708 3646 suum
1725 3579 1907 3670 quoddam
1924 3578 2098 3646 eiusmodi
2112 3572 2321 3647 historicum
2338 3571 2402 3643 ha·

373 3676 497 3760 fuisse,
531 3688 571 3748 ut
589 3676 659 3745 illis
678 3678 942 3748 recurrentibus
966 3680 1159 3771 quotannis
1184 3678 1361 3749 admoniti
1411 3680 1496 3747 bere
1510 3678 1786 3762 calendarium,
1808 3680 1847 3748 in
1870 3703 1941 3772 quo
1960 3679 2079 3770 legens
2097 3679 2226 3771 scripta
2240 3670 2402 3769 Prophe·

374 3779 530 3872 posteri,
556 3790 593 3848 et
607 3803 742 3872 poenas
759 3781 1010 3852 sceleratorum
1035 3793 1192 3865 atroces,
1218 3796 1254 3852 et
1274 3782 1361 3852 libe·
1412 3781 1480 3849 tica
1504 3779 1779 3871 ethpostolica,
1812 3781 1880 3851 sibi
1904 3793 2052 3849 annotet
2074 3783 2149 3850 dies
2171 3794 2206 3850 et
2223 3794 2402 3871 tempora,

345 3970 349 3976 Ι
373 3883 532 3955 rationes
551 3881 729 3956 Ecclesiae
753 3885 954 3977 mirandas,
986 3884 1137 3955 subinde
1161 3884 1283 3954 animo
1308 3897 1361 3953 at·
1413 3883 1541 3977 quibus
1561 3883 1699 3951 invenit
1722 3895 1835 3975 gestas
1857 3883 1966 3953 resin
1983 3882 2160 3967 Ecclesia,
2186 3884 2312 3975 dignas
2328 3904 2402 3949 me·

374 3986 507 4057 tentius
530 3986 814 4067 considerarent;
848 4002 884 4057 et
905 4012 983 4057 eam
1007 3988 1054 4056 ob
1078 4012 1221 4057 causam
1240 3986 1360 4056 Eccle·
1414 3985 1549 4068 sooria,
1575 3997 1617 4054 ut
1636 3986 1723 4054 illud
1745 3998 1867 4076 postea
1891 3985 2033 4055 intuens
2055 3986 2235 4080 quotidie,
2267 3987 2311 4052 de
2333 3981 2405 4052 illis'

374 4088 463 4162 siam
488 4114 632 4183 quoque
651 4090 834 4160 videamus
857 4103 972 4159 certos
992 4089 1067 4158 dies
1089 4089 1281 4180 insignium
1306 4113 1361 4158 re·
1411 4086 1480 4156 Dei
1497 4081 1663 4178 operibus
1679 4099 1714 4156 et
1727 4086 1907 4159 beneficiis
1923 4089 2186 4157 commonebat.

373 4215 454 4262 rum
479 4216 522 4261 ex
543 4188 691 4263 historia
713 4186 868 4276 Christi,
904 4192 1002 4263 fastis
1028 4192 1101 4264 suis
1123 4192 1361 4283 adscripsisse,
1514 4187 1612 4258 Haec
1643 4190 1735 4260 ratio
1760 4191 1941 4285 quandam
1966 4189 2068 4283 quasi
2090 4188 2195 4258 nobis
2216 4186 2403 4256 necessita-

375 4306 416 4366 ut
430 4293 597 4365 omnibus
610 4293 679 4386 piis
691 4294 843 4365 similem
858 4294 1078 4386 diligentiam
1096 4287 1362 4365 commendaret
1413 4305 1484 4361 tem
1507 4292 1680 4383 imponit,
1705 4305 1745 4362 ut
1759 4288 1965 4362 huiusmodi
1982 4290 2192 4381 Catalogum
2209 4287 2402 4381 insignium

378 4408 414 4465 et
432 4396 649 4488 iniungeret:
689 4398 790 4468 decet
811 4424 878 4471 nos
901 4423 1045 4493 quoque
1067 4412 1211 4490 patrum
1237 4409 1361 4467 sancto
1413 4406 1604 4464 eventuum
1621 4395 1725 4464 nobis
1740 4393 2059 4485 ipsiconbciamus‚
2073 4391 2103 4463 si
2119 4396 2229 4462 modo
2238 4392 2403 4460 volumus

377 4500 526 4570 consilio
550 4501 858 4593 obtemperantes,
892 4515 927 4570 et
943 4500 1121 4572 Ecclesiae
1145 4500 1362 4592 apostolieae
1387 4562 1390 4573 ,
1414 4522 1494 4567 cum
1519 4520 1562 4564 eo
1585 4499 1703 4566 fructu
1718 4496 1755 4564 in
1770 4496 1921 4565 lectione
1936 4519 2118 4565 sacrorum
2133 4495 2307 4564 librorum
2325 4514 2403 4560 ver-

377 4604 476 4695 pium
506 4606 707 4696 exemplum
732 4604 930 4688 imitantes,
967 4606 1116 4672 eandem
1139 4602 1361 4694 diligentiam
1414 4598 1505 4683 sari,
1532 4597 1595 4692 qui
1619 4623 1639 4666 a
1661 4597 1729 4689 piis
1752 4598 1941 4690 praecipue
1959 4597 2075 4689 expeti
2089 4599 2214 4681 debet,
2239 4594 2405 4664 videlicet

374 4718 557 4797 praestare
573 4709 611 4775 in
627 4706 793 4776 universa
810 4707 962 4776 lectione
979 4705 1130 4789 biblica,
1155 4718 1195 4775 ut
1211 4706 1364 4775 ubicun-
1415 4714 1456 4771 ut
1470 4725 1545 4769 non
1560 4700 1668 4770 semel
1681 4700 1755 4784 illa,
1782 4725 1873 4795 quae
1891 4703 1935 4769 de
1950 4701 2129 4770 beneficiis
2144 4698 2214 4768 Dei
2226 4695 2404 4767 Ecclesiae

377 4832 446 4901 que
465 4821 600 4877 certum
615 4809 709 4878 diem
727 4810 820 4878 facto
836 4810 940 4879 alicui
955 4808 1122 4878 mirando
1145 4809 1362 4899 adscriptum
1416 4799 1602 4886 exhibitis,
1634 4816 1755 4873 nostra
1786 4826 1890 4873 causa
1914 4802 2052 4894 ¹scripta
2084 4814 2188 4885 sunt,
2222 4814 2405 4891 utcunque

377 4898 575 4992 cer’nimus,
601 4923 705 5001 turpe
727 4914 898 4983 ducamus
919 4911 1043 4994 nobis,
1068 4911 1169 4980 illum
1195 4910 1242 4979 ita
1261 4934 1364 5001 prae·
1417 4906 1644 4997 cognovisse,
1669 4905 1753 4976 satis
1776 4930 1849 4976 esse
1873 4907 2077 4985 credamus;
2104 4907 2166 4975 sed
2187 4927 2310 4972 eorum
2332 4923 2406 4968 me·

376 5024 596 5094 tercurrere,
623 5012 725 5106 quasi
748 5015 877 5086 frustra
903 5015 977 5085 eius
1000 5014 1136 5082 mentio
1154 5036 1173 5081 a
1191 5012 1364 5103 scriptore
1411 5010 1569 5077 ¹moriam
1601 5008 1649 5077 ita
1681 5010 1932 5078 confirmemus
1962 5020 1997 5075 et
2021 5008 2274 5090 exuscitemus,
2306 5001 2407 5073 utin

376 5115 469 5185 facta
491 5116 556 5206 sit,
582 5127 617 5183 et
639 5139 714 5182 non
730 5118 849 5186 statim
868 5142 947 5187 eum
969 5130 1161 5194 annotare,
1189 5128 1224 5183 et
1241 5115 1365 5183 merni-
1417 5111 1521 5181 nobis
1545 5112 1655 5180 timor
1672 5109 1758 5198 Dei,
1783 5111 1910 5180 fiducia
1934 5111 2130 5201 promissae
2154 5108 2250 5201 opis,
2276 5105 2406 5196 implo-

378 5215 471 5288 nisse
494 5217 533 5285 in
557 5213 653 5287 hunc
675 5217 791 5307 ipsum
815 5246 940 5301 usum,
971 5230 1011 5289 ut
1034 5217 1226 5311 quotannis
1247 5240 1366 5285 rever·
1389 5158 1394 5288 i
1418 5215 1510 5283 ratio
1535 5226 1570 5281 et
1594 5215 1790 5304 expectatio
1815 5226 1931 5281 certae
1948 5211 2190 5293 liberationis,
2222 5207 2407 5302 patientia,

379 5330 475 5387 tente
509 5323 634 5389 eodem
669 5320 727 5388 die
760 5324 955 5405 admoniti,
995 5320 1063 5389 Dei
1099 5321 1296 5411 potentiam
1332 5331 1367 5387 et
1390 5300 1395 5439 ι
1419 5329 1454 5385 et
1469 5315 1529 5384 alii
1545 5316 1596 5406 pii
1611 5329 1729 5386 motus
1743 5316 1893 5385 subinde
1910 5316 2159 5384 accendantur.

378 5421 597 5505 bonitatem,
631 5447 710 5492 cum
735 5424 773 5490 in
796 5424 985 5514 puniendis
1008 5423 1170 5515 tyrannis
1193 5435 1227 5490 et
1250 5445 1395 5558 perse-q
1520 5418 1589 5487 Sed
1623 5422 1666 5486 ad
1702 5414 1795 5486 hanc
1828 5418 1930 5510 quasi
1963 5418 2205 5487 necessitatem
2236 5414 2409 5482 accedunt

379 5523 576 5597 cutoribus'
595 5526 758 5620 piorum,
793 5539 868 5595 tum
900 5527 937 5596 in
968 5526 1153 5594 liberanda
1182 5537 1216 5594 et
1247 5526 1395 5623 defen-1
1420 5521 1525 5589 etiam
1551 5520 1720 5590 utilitates
1737 5524 1912 5615 quaedam
1931 5542 2157 5613 nequaquam
2178 5528 2408 5585 contemnen-

379 5626 494 5695 denda
513 5625 687 5711 Ecclesia,
715 5628 836 5696 animo
859 5642 960 5719 grato
980 5625 1367 5718 celebremus'etprae-
1390 5626 1395 5737 ξ
1419 5626 1503 5705 dae,
1536 5625 1651 5715 qnod,
1687 5625 1772 5691 dum
1802 5635 2005 5713 temporum
2036 5620 2282 5736 discrimina,-
2301 5627 2408 5709 atque

380 5729 549 5800 dicemus.
1391 5750 1395 5796 ;
1419 5728 1509 5795 adeo
1532 5725 1606 5794 dies
1628 5727 1743 5816 ipsos,
1776 5738 1950 5818 quatenus
1966 5724 2050 5810 berig
2058 5733 2193 5813 potest,
2220 5722 2409 5812 drlrgenter
