5534 6700
365 555 444 630 sss
995 544 1358 619 annuauau'ra
1380 542 1449 613 ao
1474 541 1618 615 vom.
1642 540 1765 615 1-x,
2312 558 2395 634 ΒΗ

359 723 507 816 xagiuta
530 718 689 815 quinque
710 719 805 802 dies,
836 731 872 788 et
888 708 1125 813 quadrantem
1140 719 1245 800 lere,¹
1262 713 1354 785 divi·
1406 714 1554 783 cabatur
1576 737 1692 784 annus
1714 736 1866 806 magnus
1886 711 2112 816 mandat),
2144 715 2214 795 bec
2230 739 2301 810 est,
2327 729 2395 800 (Ξέ-

361 837 487 900 serunt
508 824 546 892 in
569 821 758 895 duodecim
784 833 923 911 partes,
956 845 1046 915 quas
1065 820 1232 891 similiter
1253 839 1354 887 men·
1407 815 1599 898 nicuiaris,
1623 829 1814 908 propterea
1839 822 1937 912 quod
1959 821 2103 892 initium
2119 822 2216 896 illius
2231 832 2396 901 sumeba-

362 953 417 1000 ses
445 937 641 1007 vocarunt,
673 947 747 993 non
777 917 900 993 habita
931 935 1054 992 mosen
1074 923 1216 993 ratione
1237 940 1353 989 novae
1407 929 1584 1001 tur'tunc,
1610 942 1690 987 cum
1708 932 1807 991 ortus
1824 921 1929 1007 Sirii,
1955 925 2143 1016 etprimus
2165 928 2241 999 dies
2263 932 2395 1004 mensis

361 1028 500 1100 Lunae.
557 1021 637 1095 Hoc
657 1049 754 1095 anno
779 1024 896 1093 Solari
920 1025 976 1094 nsi
998 1036 1083 1095 sunt
1104 1021 1293 1117 Aegyptii,
1319 1032 1355 1089 et
1406 1012 1503 1091 ada
1533 1022 1788 1112 congruebant.
1855 1022 1986 1094 Scribit
2015 1039 2137 1097 autem
2165 1027 2396 1119 Censorinus,

364 1133 514 1207 Persae:
567 1141 601 1197 et
635 1141 757 1219 postea
792 1126 831 1197 C.
857 1125 967 1197 lulius
994 1126 1125 1197 Caesar
1152 1124 1354 1193 imitatione
1407 1120 1541 1191 Canem
1564 1134 1682 1192 ortum
1708 1147 1782 1194 esse
1806 1123 1990 1219 Aegyptiis
2013 1129 2182 1202 vicesimo
2206 1134 2264 1203 die
2281 1135 2396 1229 Quin·

362 1231 653 1325 Aegyptiorum,
684 1254 787 1300 sunm
816 1254 960 1323 quoque
987 1253 1124 1300 annum
1146 1230 1190 1296 ad
1214 1238 1353 1295 matum

363 1335 456 1406 Solis
471 1330 637 1403 instituit.

466 1532 535 1602 Sed
552 1526 611 1599 hic
627 1530 775 1623 prodest
792 1530 982 1599 observare
998 1516 1211 1598 discrimen:
1238 1529 1355 1619 Aegy·

363 1635 439 1729 psit,
447 1633 634 1705 duodecim
654 1654 792 1702 menses
805 1630 1004 1700 efficiebant
1017 1653 1059 1699 ex
1075 1629 1199 1700 diebus
1214 1651 1355 1719 semper

366 1737 534 1828 triginta,
561 1734 623 1830 qui
638 1734 825 1804 duodecies
842 1733 999 1815 collecti,
1025 1734 1247 1803 constituunt
1259 1755 1355 1802 sum-

366 1864 463 1909 mam
489 1841 628 1927 dierum
657 1849 897 1905 trecentorum
927 1836 1122 1927 sexaginta.
1182 1833 1356 1928 Reliquos

366 1941 527 2036 quinque
548 1939 622 2010 dies
645 1939 837 2033 quotannis
853 1938 917 2006 fini
935 1939 1053 2007 ultimi
1069 1937 1220 2021 mensis,
1248 1959 1353 2031 quem

362 2041 476 2138 xotoix
495 2043 704 2123 nominant,
731 2042 987 2124 annectebant,
1018 2052 1057 2109 ut
1074 2062 1189 2109 annus
1205 2038 1356 2133 quilibet

366 2142 522 2236 expleret
546 2157 722 2214 trecentos
744 2143 922 2235 sexaginta
947 2142 1106 2236 quinque
1131 2142 1216 2211 dies.
1255 2138 1355 2209 'Sed

367 2242 602 2343 quadrantem
630 2246 720 2329 diei,
760 2246 823 2340 qni
849 2247 1007 2314 abundat
1030 2266 1137 2336 snpra
1164 2245 1238 2314 dies
1262 2241 1355 2325 illos,

365 2340 767 2443 prorsus‘negligebant,
786 2366 902 2442 neque
918 2349 1028 2418 ullam
1045 2346 1353 2438 intercalationem

368 2452 475 2521 aliam
502 2451 750 2539 admittebant.
817 2452 900 2544 Quo
922 2451 1048 2534 fiebat,
1083 2462 1122 2519 ut
1147 2449 1254 2540 primi
1279 2446 1355 2516 dies

367 2554 546 2625 mensium·
561 2554 930 2638 retr‘b'tiscendereut‚
955 2549 1022 2622 hac
1045 2553 1141 2643 lege,
1167 2563 1208 2621 nt
1227 2550 1355 2644 quinto

367 2684 511 2754 quoque
540 2680 636 2728 anno
666 2658 807 2750 primns
830 2658 905 2727 dies
931 2655 1039 2747 primi
1066 2654 1216 2737 mensis,
1249 2678 1355 2746 quem

366 2763 533 2855 Aegyptii
548 2760 642 2834 aaa
657 2761 897 2852 appellabant,
918 2760 955 2827 in
972 2759 1241 2849 praecedentem
1261 2756 1355 2824 diem

367 2867 656 2957 transmigraret,
693 2865 791 2956 quod
817 2863 899 2931 'lieri
932 2885 1072 2932 necesse
1106 2871 1183 2928 erat
1209 2870 1357 2950 propter

369 2969 539 3039 omissum
571 2967 665 3035 diem
698 2967 969 3048 intercalarem,
1010 2988 1052 3032 ex
1081 2974 1238 3055 quatuor
1269 2985 1356 3054 qua·

367 3071 554 3139 drantibus
578 3067 775 3138 collectum.
827 3067 958 3136 Scribit
981 3078 1098 3134 autem
1120 3062 1355 3133 Censorinus:

367 3175 474 3242 Anno
509 3170 608 3239 urbis
642 3170 935 3260 octingentesimo
966 3165 1199 3257 nonagesimo
1225 3165 1357 3256 primo,

370 3273 432 3368 qui
454 3274 562 3341 inerit
585 3295 700 3339 anxins
721 3273 894 3340 secundus
920 3269 1146 3363 Olympiadis
1168 3266 1357 3338 vicesimae

369 3401 488 3445 nonae
511 3399 618 3467 snpra
643 3376 944 3457 ducentesimam,
968 3373 1124 3465 primum
1148 3371 1243 3438 diem
1259 3394 1358 3438 men-

370 3480 417 3550 sis
447 3475 543 3549 add
575 3477 798 3568 respondisse
832 3476 1001 3547 vicesimo
1029 3474 1099 3543 diei
1125 3472 1241 3542 nostri
1264 3470 1357 3542 iulii.

370 3582 509 3652 Rursus
529 3592 610 3671 post
635 3604 749 3649 annos
774 3590 935 3661 centnm,
962 3574 1030 3646 hoc
1050 3588 1120 3657 est,
1145 3598 1243 3642 asino
1259 3574 1358 3644 urbis

370 3683 642 3774 nongentesimo
666 3682 898 3772 nonagesima
922 3682 1061 3771 primo,
1086 3676 1148 3770 qui
1170 3677 1279 3745 inerit
1295 3701 1358 3745 an·

371 3811 438 3855 nus
459 3786 632 3855 secundus
648 3785 873 3877 Olympiadis
895 3782 1157 3852 ducentesimae
1181 3780 1358 3873 quinqua-

370 3888 524 3979 gesimae
547 3898 716 3981 quartae,
752 3890 903 3957 eundem
928 3886 1084 3977 primum
1107 3883 1202 3952 diem
1227 3882 1358 3952 mensis

370 3986 466 4062 doit}
495 3989 698 4079 congruisse
731 4014 812 4058 cnm
842 3989 1011 4057 vicesimo
1034 3989 1161 4081 quinto
1183 3985 1241 4054 die
1263 3982 1358 4054 lunii

369 4093 497 4163 nostri.
556 4091 806 4182 Reciproeavit
838 4091 947 4182 igitur
980 4089 1050 4160 illis
1078 4100 1219 4159 centum
1254 4087 1358 4158 annis

369 4194 508 4285 primus
529 4194 604 4264 dies
617 4194 748 4264 mensis
765 4191 860 4265 adn
875 4218 940 4284 per
955 4192 1081 4283 viginti
1096 4191 1256 4283 quinque
1270 4190 1357 4274 dies,

371 4320 392 4363 a
427 4296 593 4366 vicesimo
627 4293 707 4365 iulii
742 4297 780 4364 in
812 4296 1017 4366 vicesimum
1053 4294 1219 4387 quintum
1253 4289 1357 4363 iunii.

371 4395 699 4477 Continentautcm
715 4410 856 4467 centum
871 4398 957 4467 anni
968 4397 1115 4466 totidem
1125 4396 1357 4488 Olympiades

370 4524 434 4570 seu
461 4501 592 4583 lustra,
629 4513 718 4594 quot
748 4513 831 4571 aurit
861 4501 936 4571 dies
955 4500 1049 4569 illius
1080 4498 1358 4590 anticipationis.

369 4599 467 4691 Ergo
489 4602 634 4692 singulis
649 4601 943 4695 Olympiadibus,
970 4602 1071 4670 initia
1096 4603 1271 4671 mensium
1288 4602 1358 4671 Ae·

369 4703 576 4795 gyptiorum
600 4698 846 4775 transennt'iu
868 4706 1072 4797 proximum
1096 4705 1191 4774 diem
1214 4725 1358 4793 praece-

369 4808 514 4876 dentem
535 4808 665 4877 mensis
685 4806 827 4876 lniiani.
894 4807 948 4877 Ex
972 4809 1100 4901 quibus
1128 4806 1355 4876 manifestum

370 4920 441 4994 est,
482 4911 638 4999 primum
683 4910 777 4978 diem
811 4910 943 4980 mensis
978 4902 1090 4993 ada,
1131 4922 1167 4979 et
1200 4921 1357 4980 caeteros

370 5035 495 5080 omnes
525 5012 621 5102 apud
644 5012 858 5104 Aegyptios,
892 5012 1055 5082 similiter
1085 5024 1126 5081 ut
1147 5014 1242 5103 apud
1267 5005 1357 5082 Ara-

367 5113 449 5196 bes,
483 5114 544 5182 sed
575 5114 687 5183 multo
710 5116 873 5205 longiore
899 5114 1109 5196 intervallo,
1144 5139 1209 5205 per
1232 5139 1357 5185 omnes

368 5214 445 5284 dies
470 5228 507 5283 et
529 5239 667 5285 menses
690 5216 799 5286 totins
820 5218 907 5285 anni
929 5215 1059 5287 iuliani
1082 5217 1205 5307 vagari
1230 5218 1357 5301 solere,

308 5331 312 5336 '
370 5317 474 5386 annis
503 5318 667 5386 videlicet
698 5332 825 5410 quater
852 5320 1017 5389 trecentis
1049 5319 1228 5409 sexaginta
1252 5320 1357 5413 quin-

371 5442 458 5511 que,
499 5414 569 5488 boc
602 5433 672 5503 est,
715 5418 832 5503 1460,
872 5447 944 5513 qno
978 5436 1140 5512 tempore
1171 5421 1357 5514 Aegyptiis

370 5520 506 5588 accedit
543 5545 637 5591 unus
671 5546 786 5591 annus
825 5523 990 5593 collectus
1033 5549 1076 5592 ex
1110 5525 1248 5594 omissis
1281 5520 1357 5596 365

369 5622 627 5715 Olympiadum
666 5624 788 5694 diebus
832 5624 1114 5695 intercalaribus.
1198 5626 1246 5694 Et
1289 5622 1357 5695 hoc

368 5738 509 5818 tempus
540 5726 777 5818 complectens
803 5750 918 5797 annos
946 5726 1140 5821 Aegyptios
1167 5726 1262 5800 1461
1293 5754 1356 5799 vo-

1407 1223 1500 1307 tilis,
1527 1223 1592 1294 etsi
1608 1223 1747 1297 Plinius
1767 1227 1864 1297 dicat
1878 1229 2085 1323 aliquoties,
2111 1233 2299 1308 aldiebus
2314 1248 2396 1329 post

1406 1326 1618 1411 solstitium,
1644 1325 1752 1399 Canis
1767 1342 1929 1400 exortum
1946 1332 2035 1403 lieri.

1509 1462 1579 1533 Sed
1609 1462 1739 1550 lulius,
1770 1479 1812 1535 nt
1837 1462 1931 1536 hanc
1953 1470 2180 1560 vagationem
2204 1474 2396 1560 mensium,

1408 1565 1604 1636 errantium
1633 1590 1698 1657 per
1726 1592 1849 1639 omnes
1875 1570 1961 1638 anni
1984 1584 2122 1663 partes,
2158 1574 2326 1660 evitaret,
2360 1584 2397 1646 e't

1407 1671 1494 1738 lixas
1524 1692 1663 1738 menses
1684 1670 1757 1739 suis
1780 1670 1915 1742 civibus
1935 1687 2084 1765 propter
2108 1676 2279 1747 festorum
2307 1676 2396 1748 ceie-

1406 1771 1608 1839 brationem
1625 1786 1864 1862 proponeret,
1891 1798 2044 1868 quornm
2061 1781 2237 1870 quaedam
2253 1804 2396 1851 neeesse

1407 1884 1485 1942 erat
1499 1873 1698 1963 celebrare,
1721 1886 1783 1944 ant
1798 1875 2008 1948 florentibus
2021 1880 2198 1968 segetibus
2216 1894 2251 1950 et
2270 1883 2396 1966 vineis,

1408 1986 1469 2045 aut
1482 1975 1645 2066 proxime
1660 1988 1743 2045 aute
1760 2002 1933 2064 messem,
1959 1991 2022 2049 ant
2038 1993 2119 2072 post
2138 2006 2307 2068 messem,
2334 1996 2397 2054 aut

1408 2088 1490 2146 ante
1511 2090 1546 2145 et
1571 2089 1652 2169 post
1669 2078 1909 2165 vindemiam,
1933 2082 2009 2155 dies
2023 2095 2199 2154 trecentos
2214 2086 2396 2176 sexaginta

1408 2179 1567 2273 quinque
1591 2181 1628 2246 in
1649 2181 1838 2251 duodecim
1863 2207 2002 2254 menses
2024 2186 2262 2280 inaequaliter
2278 2186 2397 2257 distri-

1407 2281 1503 2364 buit,
1527 2292 1567 2350 nt
1590 2293 1666 2351 tum
1691 2308 1874 2355 sacrorum
1900 2286 1993 2354 ratio
2017 2289 2177 2377 permisit
2197 2303 2259 2356 aut
2274 2301 2397 2380 postu-

1407 2380 1510 2473 lavit,
1533 2395 1568 2450 et
1585 2386 1781 2470 constituit,
1807 2400 1847 2457 ut
1862 2411 1929 2478 pro
1947 2391 2145 2481 quadrante
2160 2389 2243 2473 diei,
2268 2391 2396 2484 quinto

1408 2498 1552 2579 qnoque
1575 2506 1676 2555 'anno
1707 2489 1782 2558 dies
1811 2514 1905 2560 unus
1934 2489 2133 2561 Februario
2167 2491 2396 2577 insereretur,

1408 2610 1501 2682 quae
1522 2589 1616 2659 ratio
1643 2590 1679 2658 id
1701 2591 1899 2683 praestitit,
1924 2605 1965 2661 ut
1985 2594 2030 2662 ad
2052 2589 2149 2662 hunc
2169 2617 2281 2687 nsque
2300 2595 2395 2664 diem

1409 2690 1572 2774 eosdem,
1615 2693 1679 2784 qni
1711 2705 1796 2762 tnnc
1826 2695 1993 2776 inererat,
2029 2692 2225 2765 habeamus
2259 2720 2397 2768 menses

1409 2814 1558 2873 vernos,
1584 2796 1756 2877 aestivos,
1784 2796 2028 2881 autumnales,
2061 2809 2096 2865 et
2117 2792 2317 2889 hybernos,
2344 2820 2398 2880 ac,

1409 2895 1507 2990 quod
1523 2894 1602 2985 plus
1617 2909 1688 2980 est,
1710 2899 1815 2966 etiam
1836 2898 2114 2992 aequinoctiales
2131 2911 2166 2968 et
2182 2900 2397 2983 solstitiales,

1409 3018 1501 3092 qnae
1517 3019 1603 3066 sane
1615 3022 1746 3090 magna
1769 3012 1821 3070 est
1834 3002 2082 3071 commoditas.

1509 3127 1611 3200 Aliae
1633 3147 1754 3225 gentes
1774 3134 1882 3206 simul
1901 3149 1936 3205 et
1948 3135 2074 3206 Lunae
2090 3149 2228 3220 motus,
2254 3149 2289 3205 et
2303 3136 2397 3209 Solis

1409 3231 1447 3301 in
1464 3231 1622 3302 Zodiaco
1643 3236 1821 3306 rationem
1848 3233 2130 3326 habuerunt¹⁸),
2156 3251 2191 3307 et
2212 3263 2297 3309 usae
2314 3251 2399 3310 sunt

1411 3334 1591 3408 mensibus
1620 3337 1805 3412 lunaribus
1833 3342 2043 3426 duodecim,
2083 3339 2177 3409 cavis
2207 3354 2242 3409 et
2270 3341 2398 3433 plenis,

1409 3450 1450 3508 ut
1481 3439 1525 3507 de
1559 3438 1737 3512 Arabibns
1768 3445 1903 3514 dictum
1939 3456 2007 3527 est,
2048 3442 2230 3535 inaequali
2257 3444 2398 3514 dierum

1410 3564 1582 3624 numero,
1614 3566 1656 3610 ex
1687 3543 1817 3637 quibus
1846 3571 1925 3616 cum
1956 3557 2095 3614 tantum
2121 3547 2271 3614 trecenti
2293 3547 2398 3641 qnin-

1411 3642 1579 3736 quaginta
1612 3658 1768 3737 qnatuor
1795 3647 1869 3719 dies
1902 3647 2174 3739 colligerentur,
2206 3661 2247 3717 ut
2275 3660 2397 3718 tamen

1411 3744 1625 3813 curriculum
1658 3745 1750 3819 Solis
1778 3773 1938 3820 annuum
1967 3749 2191 3841 expleretur,
2230 3750 2397 3820 undecim

1410 3846 1485 3915 dies
1507 3848 1705 3918 necessario
1730 3852 1964 3935 addiderunt,
1998 3875 2088 3945 qnos
2112 3850 2267 3943 Epactas
2294 3876 2398 3921 voca·

1409 3960 1515 4032 runt,
1539 3963 1575 4018 et
1595 3968 1825 4023 reservarunt
1848 3968 1921 4024 tam
1946 3953 2028 4038 din,
2054 3955 2168 4023 donec
2189 3978 2232 4022 ex
2247 3953 2290 4025 iis
2304 3978 2399 4025 unus

1411 4049 1541 4121 mensis
1574 4054 1868 4142 constitueretur,
1908 4081 2015 4151 quem
2051 4069 2174 4147 postea
2208 4056 2272 4123 lini
2304 4056 2399 4126 illius

1411 4153 1497 4221 anni
1519 4154 1743 4244 inserebant,
1777 4161 1839 4253 qni
1859 4171 2007 4251 propter
2034 4158 2195 4226 additum
2219 4158 2398 4227 decimum

1410 4255 1555 4326 tertium
1578 4284 1755 4344 mensem,
1783 4262 1989 4331 continebat
2009 4260 2084 4329 dies
2105 4271 2281 4330 trecentos
2300 4271 2398 4329 octo-

1410 4358 1507 4449 ginta
1532 4374 1709 4454 quatuor,
1741 4376 1777 4431 et
1797 4366 1993 4432 vocabatur
2016 4359 2276 4457 ἐμβολιμαῖος,
2307 4361 2398 4432 sicut

1410 4463 1484 4553 ipse
1500 4462 1631 4536 mensis
1648 4462 1848 4559 ἐμβόλιμος
1865 4464 2123 4556 appellabatur.
2176 4462 2243 4531 Hic
2265 4461 2398 4534 mensis

1410 4563 1563 4636 insertus
1579 4566 1771 4652 efficiebat,
1792 4580 1832 4636 ut
1847 4566 1991 4637 initium
2008 4566 2117 4658 primi
2133 4565 2264 4636 mensis
2278 4568 2399 4637 denno

1410 4682 1621 4757 congrueret
1645 4693 1724 4738 cum
1747 4695 1812 4740 sno
1836 4670 2010 4754 termino,
2043 4664 2113 4737 hoc
2136 4680 2206 4752 est,
2238 4689 2318 4739 cum
2340 4693 2399 4737 ae·

1410 4767 1593 4866 qninoctio
1609 4771 1665 4839 vel
1679 4772 1851 4857 solstitio,
1878 4798 1897 4841 a
1914 4784 2149 4866 quopropter
2172 4770 2322 4841 omissos
2343 4783 2399 4839 ter

1409 4872 1573 4943 undecim
1607 4873 1701 4958 dies,
1733 4872 1923 4946 transierat
1945 4874 2160 4965 principium
2185 4873 2316 4944 mensis
2341 4873 2398 4944 vei

1410 4974 1495 5045 anni
1518 4974 1556 5043 in
1580 4976 1649 5044 alia
1673 4989 1848 5068 tempora.

1510 5075 1580 5147 Sed
1598 5079 1681 5171 quia
1700 5080 1807 5148 etiam
1825 5079 2042 5173 quadrantes
2059 5076 2150 5160 diei,
2167 5072 2236 5145 hoc
2252 5089 2316 5162 est,
2336 5101 2396 5147 sex

1409 5174 1539 5263 horae,
1564 5205 1653 5275 quas
1676 5182 1730 5253 soi
1755 5181 1922 5251 trecentis
1946 5180 2130 5271 sexaginta
2146 5180 2305 5274 quinque
2322 5179 2395 5248 die-

1443 5449 1492 5509 17)
1508 5449 1670 5499 ustsnnon
1693 5447 1723 5498 in
1741 5447 1874 5499 strobstd
1898 5449 2025 5511 asupio
2041 5445 2179 5498 welants
2197 5448 2220 5497 t.
2238 5448 2265 5499 a.
2274 5445 2297 5496 1.
2315 5454 2398 5495 nana

1477 5519 1592 5581 proprla
1608 5518 1637 5567 ln
1654 5519 1778 5581 margine
1795 5515 1966 5581 adscripsit:
1989 5514 2103 5568 κυνικὸν
2120 5513 2190 5573 ἔτος.

1444 5621 1490 5677 ¹8)
1510 5622 1544 5670 n.
1561 5622 1578 5669 Ι.
1597 5621 1625 5669 ln
1648 5620 1775 5685 margins
1801 5621 1895 5671 addita
1919 5622 1964 5670 cst
1986 5619 2144 5671 annotatio:
2174 5618 2269 5667 Annus
2292 5614 2396 5665 mixtus

1477 5701 1513 5740 ox
1530 5689 1600 5741 sotis
1618 5692 1646 5739 st
1662 5691 1745 5740 lanas
1761 5690 1898 5757 motibus,
1928 5700 1981 5753 qno
1998 5689 2043 5740 nol
2066 5690 2132 5739 suot
2150 5684 2267 5749 littaei,
2294 5681 2398 5737 Graeci

1479 5764 1507 5808 et
1525 5758 1640 5810 Romul
1657 5761 1722 5809 ante
1739 5760 1845 5809 lutiam.
