5534 6700
359 598 435 673 699
979 592 1103 666 Plills.
1128 596 1243 669 MEL.
1270 595 1474 667 SCRIPTA
1498 593 1766 669 lllSTOlthA.
2314 596 2397 668 60⁰

360 768 558 840 recreandi.
626 766 743 857 Quam
768 787 848 832 cum
874 763 1145 854 impetrassent,
1179 766 1352 857 relinquit
1405 766 1547 857 cognito
1563 767 1765 835 deturbant.
1817 763 1956 832 Deinde
1971 777 2103 853 cogunt
2119 762 2236 851 ipsum
2252 767 2393 856 aperire

361 895 469 965 eques
485 869 658 958 virginem
683 864 796 933 solam
820 865 858 932 in
882 861 1124 957 hypocausto,
1152 868 1276 958 etipse
1293 892 1353 936 cu·
1404 892 1564 945 saccum;
1589 867 1676 959 quid
1699 864 1843 937 multis?
1875 879 2073 955 agnoscunt
2095 889 2198 944 suos;
2232 870 2393 939 exoritur

360 984 418 1042 rat
434 993 545 1064 equos
562 966 767 1036 instabulo.
818 964 998 1057 Leprosus
1021 978 1184 1038 accurate
1209 968 1352 1039 intuens
1405 967 1616 1039 miserabilis
1645 970 1797 1058 gemitus
1828 980 1865 1035 et
1889 967 1993 1037 lictus
2004 966 2053 1061 ³¹)
2079 967 2209 1037 scelere
2236 972 2394 1060 cognito.

360 1076 514 1143 formam
550 1067 719 1157 virginis,
759 1068 872 1159 magis
906 1070 1090 1162 magisque
1122 1070 1195 1139 urit
1229 1094 1351 1139 amore
1405 1070 1567 1139 Tandem
1598 1068 1761 1139 vinciunt
1788 1070 1966 1139 latronem
1997 1080 2032 1137 et
2059 1068 2097 1135 in
2124 1093 2305 1140 carcerem
2333 1075 2398 1143 ab·

360 1174 483 1266 ipsius.
536 1169 699 1239 Tandem
713 1181 755 1238 ut
768 1192 809 1238 ea
827 1171 933 1239 etiam
956 1170 1069 1262 possit
1091 1150 1222 1262 potiri,
1255 1195 1352 1241 acce·
1404 1172 1550 1255 ficiunt,
1577 1172 1691 1240 donec
1705 1174 1750 1240 de
1768 1172 1844 1240 eius
1856 1169 2032 1262 supplicio
2048 1171 2140 1239 facta
2156 1173 2202 1241 sit
2218 1174 2398 1245 delibera·

361 1275 416 1346 dit
429 1272 585 1365 equitem
601 1272 640 1339 in
653 1272 814 1354 stabulo,
840 1285 876 1341 et
888 1272 1058 1344 insidiose
1074 1297 1154 1342 eum
1173 1274 1351 1344 interficit.
1405 1274 1469 1346 tio.
1527 1273 1657 1343 Postea
1686 1273 1817 1343 nobilis
1846 1285 1949 1341 curat
1979 1275 2084 1343 aedes
2112 1272 2249 1363 leprosi
2271 1277 2398 1370 diripi,

361 1375 501 1446 Deinde
517 1374 659 1443 rediens
677 1374 714 1441 in
740 1368 1000 1464 hypocaustum
1024 1375 1222 1468 alloquitur
1244 1374 1352 1467 virgi·
1405 1375 1552 1468 spoliari
1568 1387 1604 1444 et
1618 1372 1850 1465 conflagrari,
1876 1387 1911 1442 et
1925 1399 2043 1443 secum
2059 1377 2208 1445 domum
2224 1375 2327 1448 vehit
2338 1405 2397 1451 ca-

361 1503 446 1549 nem
463 1477 507 1545 de
522 1488 659 1567 stupro.
711 1472 823 1566 Virgo
838 1477 921 1570 quia
939 1489 1016 1546 erat
1040 1478 1098 1568 pia
1125 1490 1159 1545 ct
1181 1473 1353 1548 honesta·
1405 1480 1537 1548 davera
1555 1490 1590 1545 et
1611 1477 1786 1568 sepelivit·
1836 1474 2025 1545 Postremo
2048 1473 2232 1549 homicida
2255 1494 2396 1555 atroces

362 1579 408 1651 tis
424 1602 570 1660 amans,
597 1588 678 1645 orat
694 1601 796 1660 eum,
822 1601 868 1647 ne
891 1579 980 1672 quid
1004 1578 1205 1649 'utiusmodi
1229 1579 1351 1647 animo
1404 1602 1541 1672 poenas
1554 1579 1654 1647 dedit
1668 1579 1723 1650 sui
1739 1578 1891 1649 sceleris.

363 1681 536 1772 cogitaret
553 1691 702 1773 propter
716 1678 833 1748 Deum
852 1692 887 1748 et
907 1705 992 1751 suos
1013 1693 1200 1772 parentes,
1234 1694 1270 1751 et
1289 1706 1352 1750 ne·
1508 1678 1706 1751 CCLXXV.
1737 1679 1821 1751 Duo
1837 1678 1993 1749 famelici
2014 1680 2146 1751 milites
2159 1694 2197 1751 et
2210 1684 2312 1753 omni
2331 1708 2396 1776 pe·

363 1797 425 1875 gat
440 1796 617 1874 stuprum.
669 1780 738 1850 Sed
757 1782 919 1873 leprosus
943 1781 1078 1851 indicat
1102 1782 1234 1874 virgini
1255 1807 1353 1851 mor·
1406 1785 1510 1853 cunia
1533 1779 1693 1853 exhausti
1715 1808 1795 1853 cum
1815 1781 2053 1877 quoddam¹)
2072 1787 2334 1857 monasterium
2354 1787 2397 1857 in

362 1900 436 1955 tem
459 1884 515 1954 sui
536 1882 709 1977 ministri,
746 1894 781 1952 et
806 1882 877 1955 nisi
898 1884 968 1976 ipsi
993 1885 1049 1955 sui
1068 1884 1208 1976 copiam
1234 1884 1354 1969 iaciat,
1406 1885 1535 1955 itinere
1560 1898 1677 1956 essent
1700 1884 1914 1975 conspicati,
1948 1883 2176 1981 accedunt”)
2198 1890 2245 1957 ad
2269 1889 2326 1973 id,
2359 1903 2399 1959 et

364 1984 529 2059 similiter
561 1987 757 2077 perituram
789 1985 887 2056 dicit.
954 1985 1052 2079 Quid
1083 1986 1192 2056 iaciat
1223 1986 1352 2058 misera
1406 1999 1532 2079 petunt
1564 1987 1722 2080 aliquam
1756 1987 1898 2078 stipem.
1965 1982 2021 2056 lbi
2052 1986 2209 2077 portitor
2241 1991 2400 2082 porrigit

364 2086 494 2179 virgo?
544 2086 608 2156 Est
630 2086 797 2157 destituta
814 2088 948 2158 auxilio
962 2088 1075 2171 servi,
1101 2100 1172 2159 stat
1193 2088 1354 2173 inermis,
1406 2086 1502 2186 (erat
1521 2088 1617 2159 enim
1634 2101 1775 2181 tempus
1798 2086 2017 2182 prandendi)
2038 2088 2094 2159 ius
2115 2089 2218 2159 valde
2237 2093 2396 2162 calidum

365 2202 526 2260 armatus
542 2200 709 2259 cruentus
726 2202 761 2259 et
776 2191 939 2283 leprosus
953 2190 1047 2260 latro
1065 2192 1111 2260 ob
1128 2191 1250 2262 oculos
1273 2214 1354 2260 ver·
1407 2206 1444 2261 et
1456 2204 1575 2261 atrum
1592 2216 1741 2282 panem;
1765 2191 1835 2283 ipsi
1852 2214 1933 2259 curn
1947 2213 2022 2259 non
2042 2186 2217 2261 baberent
2232 2190 2397 2263 cochlea-

365 2306 476 2364 satur.
528 2290 691 2361 Tandem
710 2292 831 2363 multis
847 2287 1030 2363 lachrimis
1053 2292 1251 2362 deformata
1272 2317 1353 2363 cum
1406 2294 1482 2377 ria,
1505 2318 1573 2363 nec
1585 2294 1698 2363 fames
1711 2304 1896 2384 pateretur
1910 2316 2071 2377 moram,
2098 2294 2319 2378 conveniunt
2338 2295 2398 2362 in·

366 2406 456 2465 esset
471 2407 592 2462 coacta
610 2406 646 2461 et
660 2392 829 2478 interior,
855 2394 1035 2487 promittit
1050 2418 1087 2465 se
1108 2394 1198 2463 velle
1213 2396 1354 2485 explere
1407 2409 1462 2465 ter
1476 2420 1534 2478 se,
1558 2407 1599 2464 ut
1617 2419 1702 2464 mox
1725 2419 1789 2464 ore
1813 2395 2047 2464 absorberent
2067 2394 2132 2489 ius,
2144 2396 2293 2468 alternis
2310 2395 2399 2465 vici·

365 2496 441 2566 eius
463 2495 649 2577 libidines,
675 2521 818 2568 sumens
841 2498 1017 2579 cultrum,
1051 2521 1159 2592 quem
1184 2495 1222 2564 in
1243 2496 1354 2564 latere
1406 2500 1492 2581 bus,
1516 2510 1552 2567 et
1566 2498 1670 2589 panis
1684 2508 1926 2567 reservaretur
1943 2497 1982 2565 in
2002 2497 2181 2591 reliquum
2205 2499 2287 2570 iter.
2341 2496 2400 2568 lbi

363 2598 579 2690 pendentem
595 2593 751 2667 habebat
764 2601 810 2667 ad
825 2598 1060 2689 marsupium,
1087 2610 1123 2667 et
1139 2598 1355 2690 praeferens,
1407 2600 1545 2692 primus
1567 2598 1672 2669 alteri
1694 2599 1892 2692 propinans
1915 2622 1995 2670 cum
2019 2600 2206 2671 exorberet
2227 2602 2283 2671 ius
2311 2598 2399 2669 cali·

365 2699 468 2794 quasi
504 2700 619 2770 cultro
656 2700 762 2770 vellet
795 2704 911 2771 nodos
943 2701 1222 2793 ligamentorum
1249 2699 1355 2771 vesti·
1407 2703 1515 2785 dum,
1540 2697 1771 2771 vehementer
1786 2700 1981 2773 combumit
1995 2701 2186 2793 palatium,
2217 2702 2268 2771 ita
2291 2714 2332 2769 ut
2349 2724 2397 2769 ex

363 2802 478 2871 menti
492 2803 631 2874 solvere
650 2815 684 2871 et
698 2827 772 2873 sese
792 2804 948 2887 nudare,
975 2829 1012 2873 se
1035 2802 1151 2895 ipsam
1175 2802 1355 2873 interficit.
1408 2804 1519 2875 oculis
1541 2803 1742 2873 extillarent
1764 2799 1980 2887 lachrimae‚
2012 2827 2101 2897 quas
2124 2826 2204 2873 cum
2224 2803 2315 2871 alter
2337 2802 2396 2869 vi·

363 2902 544 2997 Leprosus
559 2929 622 2997 spe
638 2904 829 2975 frustratus
847 2904 965 2975 induit
985 2900 1179 2999 utrumque
1203 2906 1355 2973 cadaver
1408 2911 1527 2989 deret,
1557 2906 1795 2996 interrogavit
1817 2907 1860 2975 de
1885 2906 1998 2975 causis
2018 2900 2297 2986 lachrimarum,
2329 2927 2398 2972 cur

365 3030 488 3089 sacco,
512 3019 548 3075 et
562 3005 721 3076 insidens
736 3030 850 3100 equo,
878 3018 961 3076 ante
976 3032 1013 3077 se
1034 3006 1191 3099 imponit
1213 3030 1355 3076 saccum
1407 3002 1765 3089 nunclachrimaret‚
1790 3032 1871 3077 curn
1885 3003 2051 3087 haberet,
2077 3007 2175 3100 quod
2189 3009 2334 3088 ederet,
2361 3017 2399 3073 et

365 3109 412 3176 ad
430 3107 602 3176 cervicem
617 3106 786 3201 equinam
808 3106 1032 3201 equitaturus
1054 3108 1094 3177 in
1109 3108 1266 3201 sylvam,
1292 3132 1355 3176 vo-
1408 3123 1533 3193 antea,
1563 3134 1643 3179 cum
1662 3108 1861 3194 esuriisset,
1892 3133 1968 3178 non
1984 3109 2106 3176 itidem
2129 3109 2274 3177 iaceret.
2332 3102 2397 3174 llle

363 3208 433 3279 luit
455 3209 605 3279 fortasse
628 3210 801 3279 cadavera
823 3212 998 3295 condere,
1024 3208 1131 3280 velin
1149 3208 1355 3302 proximum
1408 3212 1635 3285 dissimulans
1654 3212 1810 3281 calorem
1827 3212 1939 3295 offae,
1962 3210 2064 3300 fingit
2086 3208 2175 3279 alias
2196 3232 2320 3279 causas
2341 3210 2398 3276 la-

364 3310 499 3381 flumen
521 3311 686 3383 abiicere.
743 3310 841 3384 Deus
865 3336 951 3383 vero
978 3312 1093 3383 voluit
1115 3325 1188 3381 tam
1214 3312 1355 3384 crudele
1408 3313 1649 3398 chrimarum‚
1687 3314 1878 3408 effiastfl)
1900 3324 1985 3384 ante
2016 3334 2153 3382 annum
2175 3307 2245 3382 hoc
2271 3312 2331 3380 die
2357 3310 2398 3379 in

364 3415 501 3485 lacinus
531 3415 753 3486 manifestari
786 3427 822 3484 et
844 3415 991 3506 puniri,
1030 3427 1137 3509 atque
1166 3415 1248 3484 ideo
1280 3439 1355 3484 non
1408 3441 1548 3490 crucem
1569 3440 1779 3507 suspensum
1802 3440 1876 3488 esse
1898 3440 2003 3486 suum
2026 3428 2167 3507 patrem
2189 3415 2328 3508 inquit,
2359 3414 2400 3483 id

364 3518 478 3586 multo
497 3530 578 3608 post
594 3517 740 3588 advenit
758 3517 907 3608 virginis
929 3530 1033 3610 pater
1056 3541 1137 3588 cum
1159 3541 1224 3588 suo
1245 3517 1356 3586 comi·
1408 3521 1476 3592 sibi
1495 3521 1535 3588 in
1555 3532 1712 3588 mentem
1735 3543 1831 3592 nunc
1850 3517 2001 3588 venisse.
2060 3516 2225 3600 Tandem
2248 3529 2285 3586 et
2305 3515 2399 3585 alter

364 3631 462 3702 tatu,
488 3621 602 3690 iturus
621 3622 667 3688 ad
688 3619 782 3688 filiae
805 3619 951 3711 nuptias
974 3619 1054 3715 (sed
1079 3631 1268 3690 vertuntur
1289 3643 1356 3689 nu·
1408 3624 1530 3694 sorbet
1542 3623 1586 3690 de
1605 3621 1721 3692 calido
1737 3622 1837 3705 iure,
1863 3632 1899 3689 et
1911 3618 2078 3691 similiter
2092 3631 2134 3689 ut
2147 3619 2283 3711 primus
2298 3641 2400 3686 com-

363 3720 461 3813 ptiae
492 3719 530 3788 in
561 3721 761 3792 tristissima
794 3721 950 3817 funera).
1011 3717 1145 3804 Vident
1172 3722 1354 3813 leprosum
1408 3724 1522 3796 bussit
1545 3747 1605 3806 os,
1642 3735 1683 3794 ut
1714 3723 1823 3794 etiam
1854 3747 1898 3792 ex
1929 3721 2042 3792 oculis
2070 3721 2186 3790 stillae
2214 3721 2399 3791 caderent.

366 3834 450 3892 ante
467 3820 565 3913 ipsos
578 3823 798 3916 equitantem
813 3847 879 3917 per
893 3823 1000 3894 unius
1016 3824 1093 3914 agri
1114 3822 1356 3893 intervallum.
1409 3827 1514 3897 Tunc
1534 3826 1625 3894 dixit
1647 3825 1753 3896 alter:
1780 3823 1891 3910 Ecce,
1916 3847 2038 3893 nonne
2059 3834 2095 3892 et
2118 3837 2157 3894 tu
2177 3819 2397 3892 lachrimas?

364 3923 507 3998 Nobilis
521 3923 682 4014 agnoscit
697 3949 828 4018 equum
844 3949 970 4008 suum,
995 3948 1068 4018 quo
1082 3938 1225 3998 avectus
1239 3925 1358 3997 iuerat
1409 3953 1472 4000 eur
1488 3950 1622 4022 quaeso
1638 3929 1677 3996 id
1691 3926 1804 3998 lacis?
1839 3925 2042 4017 Respondit
2054 3926 2163 3994 alter:
2189 3920 2401 4007 Lachrimo‚

364 4025 516 4118 virginis
547 4029 695 4110 ductor,
735 4025 814 4098 aliis
837 4049 924 4096 vero
952 4025 1152 4100 dicentibus
1178 4052 1254 4096 non
1281 4051 1356 4098 esse
1409 4034 1509 4127 quod
1522 4052 1599 4099 non
1620 4053 1692 4099 una
1714 4041 1919 4119 compatre
1944 4053 1981 4098 es
2001 4051 2212 4119 suspensus,
2245 4024 2401 4120 quodsi

365 4153 470 4201 suum
485 4153 637 4223 equum3
664 4131 848 4222 quomodo
867 4129 962 4200 enim
976 4129 1146 4221 possibile
1162 4141 1215 4200 est
1237 4129 1356 4222 ipsum
1407 4135 1541 4204 factum
1558 4144 1670 4214 esset,
1697 4153 1772 4200 non
1783 4131 2055 4202 combussissem
2073 4155 2113 4201 os
2128 4153 2263 4199 meum.

364 4227 425 4302 hic
446 4231 520 4299 iam
543 4257 636 4316 esse,
666 4231 847 4326 inquiunt·
899 4229 1081 4326 cosptsfl)
1102 4227 1269 4315 nonnihil
1292 4231 1356 4301 du·
1511 4229 1727 4306 CCLXXVI.
1759 4233 1927 4303 Antesex
1941 4257 2055 4305 annos
2070 4231 2232 4302 Viennae
2251 4231 2399 4300 combu-

365 4333 505 4418 bitare,
531 4348 566 4404 et
581 4359 707 4427 passus
723 4347 826 4406 estse
841 4360 860 4404 a
878 4333 995 4428 priori
1016 4333 1192 4404 sententia
1215 4332 1356 4405 abduci.
1408 4353 1462 4412 sta
1491 4351 1543 4410 est
1564 4337 1715 4419 mulier,
1749 4359 1842 4430 quae
1862 4332 1990 4406 habuit
2012 4360 2089 4405 rem
2114 4359 2195 4404 curn
2221 4357 2331 4416 cane,
2363 4343 2400 4401 et

366 4435 534 4507 Tandem
551 4462 632 4506 cum
650 4436 781 4507 nobilis
797 4436 938 4508 animus
954 4435 1067 4528 magis
1084 4437 1266 4530 magisque
1280 4459 1357 4504 ma·
1407 4443 1523 4513 soetns
1540 4452 1646 4531 caput
1660 4433 1789 4509 habuit
1802 4435 2023 4522 humanum,
2046 4439 2109 4510 sed
2122 4436 2304 4530 reliquum
2320 4459 2400 4504 cor·

365 4540 441 4610 lum
457 4539 698 4632 praesagiret,
724 4539 839 4612 iussus
856 4564 950 4610 unus
973 4563 1016 4609 ex
1039 4537 1210 4610 ministris
1234 4536 1354 4610 statim
1408 4570 1476 4638 pus
1491 4543 1614 4614 retulit
1629 4540 1783 4634 speciem
1798 4543 1908 4612 canis.

367 4644 412 4711 ad
428 4643 612 4735 leprosum
632 4666 828 4736 properare
853 4655 888 4712 et
910 4665 953 4712 ex
975 4665 1037 4725 eo,
1064 4641 1143 4736 quis
1159 4653 1268 4728 esset,
1294 4653 1358 4711 aut
1511 4641 1743 4716 CCLXXVll.
1786 4642 1921 4714 Dicunt
1941 4646 1985 4712 de
2004 4641 2186 4726 Eremita‚
2228 4640 2399 4735 quicum

366 4767 476 4840 ³q¹1⁰
492 4759 675 4840 pergeret,
708 4745 907 4840 exquirere·
960 4743 1069 4838 Qu⁰d
1092 4768 1173 4814 cum
1194 4743 1357 4815 minister
1407 4747 1555 4821 haberet
1573 4771 1658 4839 apes
1673 4759 1710 4816 et
1724 4745 1797 4816 iam
1814 4744 2010 4835 collegisset
2026 4747 2170 4837 plenam
2184 4743 2296 4813 ollam
2312 4741 2400 4811 mel-

364 4849 518 4934 faceret,
544 4851 664 4921 statim
681 4847 850 4942 cognovit
866 4847 921 4918 sui
936 4847 1089 4940 collegae
1106 4871 1250 4941 equum.
1286 4843 1357 4914 lta·
1408 4852 1474 4936 lis,
1501 4850 1591 4920 dixit
1603 4852 1649 4919 ad
1665 4873 1702 4919 se
1715 4850 1853 4942 ipsum:
1886 4845 1963 4937 ligo
1985 4850 2136 4918 vendam
2159 4846 2249 4914 illud
2269 4844 2343 4914 mel
2362 4856 2400 4912 et

367 4973 437 5044 que
458 4975 539 5022 cum
560 4953 802 5046 interrogaret
825 4950 964 5044 ipsum,
1008 4949 1088 5044 quis
1106 4947 1221 5020 esset?
1261 4949 1357 5018 unde
1410 4978 1527 5024 emam
1546 4947 1638 5021 mihi
1657 4953 1748 5022 duas
1771 4950 1930 5020 oviculas
1950 4962 1986 5018 et
2006 4951 2201 5020 aedificabo
2225 4969 2399 5038 magnum

366 5065 487 5123 vectus
510 5067 600 5126 esset
622 5045 756 5150 equum
779 5053 887 5126 istum
908 5050 1145 5145 generosum?
1178 5050 1358 5121 obmutuit
1409 5081 1572 5149 gregem
1605 5055 1753 5136 deinde,
1784 5052 1816 5123 si
1839 5076 1901 5122 ero
1928 5051 2047 5134 dives,
2081 5055 2209 5121 ducam
2234 5073 2400 5132 uxorem,

366 5153 548 5228 maleficus
571 5171 606 5227 el
626 5170 723 5228 tolus
743 5156 933 5249 expalluit;
959 5157 1021 5225 8θᾶ
1039 5153 1201 5240 minister
1227 5166 1358 5246 pullus
1410 5184 1502 5255 quae
1519 5159 1588 5229 erit
1601 5155 1802 5248 morigera,
1833 5154 1915 5226 etsi
1932 5154 2090 5224 noluerit
2105 5177 2180 5224 esse
2202 5152 2398 5244 morigera,

364 5258 483 5352 ipsum
500 5283 556 5330 res
574 5259 663 5329 alias
680 5283 784 5352 agere
802 5274 838 5330 et
859 5283 991 5354 equum
1006 5259 1103 5328 furto
1119 5254 1358 5350 acquisivisse,
1409 5263 1607 5353 percutiam
1626 5260 1738 5330 illam.
1788 5256 1836 5326 Et
1852 5255 1988 5328 habens
2006 5256 2195 5339 baculum,
2227 5277 2271 5324 ac
2293 5253 2397 5326 simul

365 5358 487 5431 deiicit
510 5365 554 5432 de
579 5387 672 5457 equo
694 5387 854 5447 saccum,
895 5375 931 5432 et
953 5385 1063 5431 manu
1091 5372 1215 5430 tenens
1244 5359 1358 5442 irena,
1409 5365 1540 5436 feriens
1569 5362 1691 5444 disits
1712 5359 1790 5451 Ego
1816 5385 1895 5430 eam
1917 5360 1968 5432 sic
1990 5359 2206 5451 percutiam
2247 5370 2287 5428 et
2307 5359 2396 5428 torte

366 5464 461 5556 cepit
494 5465 673 5536 latronem
708 5479 744 5536 et
777 5465 957 5564 captivum
989 5463 1152 5534 detinens
1186 5461 1360 5530 acclamat
1411 5505 1614 5520 -----

366 5567 459 5651 suis,
494 5582 535 5639 ut
563 5582 772 5653 accurrant,
806 5581 842 5637 et
856 5565 1003 5659 capiunt
1025 5565 1161 5648 iurem,
1188 5565 1240 5659 de
1264 5585 1358 5655 equo
1443 5582 1492 5648 es)
1511 5577 1605 5646 retus]
1624 5581 1705 5635 coe:
1729 5580 1841 5631 renisus

1444 5653 1494 5710 ib)
1513 5645 1659 5716 quoddam]
1679 5648 1762 5704 cod:
1786 5651 1902 5712 quodem

367 5727 426 5738 ”““
441 5729 573 5737 “’””““
1445 5719 1493 5784 28)
1512 5718 1660 5779 accedunt]
1677 5718 1760 5769 cod:
1784 5719 1918 5768 secedant

399 5805 449 5862 n)
467 5801 578 5871 caepit]
599 5801 683 5854 ced-s
708 5800 790 5864 cepit
838 5823 840 5828 ·
1445 5789 1495 5850 27)
1510 5789 1634 5848 scttlcet]
1653 5789 1720 5839 cod.
1738 5789 1821 5838 ubst
1837 5787 1996 5847 scripturas
2013 5783 2217 5848 conpendium
2240 5786 2260 5850 ρ
