5534 6700
461 616 538 690 403

465 791 637 858 lortunet.
704 785 859 880 ldeoque
893 784 1011 855 aDeo
1038 799 1183 879 petant,
1223 802 1262 857 ut
1293 789 1456 881 ipsorum

468 891 595 963 studiis
607 890 725 959 faveat
744 900 781 958 et
797 888 940 980 aspiret.
993 888 1119 959 Monet
1136 885 1204 958 hoc

759 1022 964 1094 Psalrnus
990 1020 1162 1095 CXXVII.

568 1160 645 1233 Nisi
664 1160 843 1235 Dominus
863 1163 1103 1234 aedificaverit
1126 1166 1295 1247 domum,
1323 1164 1455 1235 frustra

464 1264 625 1347 laborat,
658 1265 820 1359 quisquis
844 1290 921 1334 eam
947 1268 1120 1336 aedificat.
1177 1267 1254 1338 Nisi
1278 1264 1457 1338 Dominus

467 1366 676 1439 ctrstodierit
705 1368 905 1450 civitatem,
945 1369 1074 1438 frustra
1108 1368 1251 1460 vigilat,
1293 1370 1456 1463 quisquis

467 1494 545 1540 eam
563 1470 729 1540 custodit.
771 1469 916 1539 Frustra
935 1483 1006 1553 est,
1031 1495 1136 1540 mane
1152 1495 1315 1563 surgere,
1341 1495 1456 1563 prrus-

467 1596 574 1667 quam
594 1572 728 1655 illuxit,
756 1586 790 1641 et
804 1596 885 1655 serp
903 1573 1061 1643 cubitum
1080 1575 1150 1653 ire,
1177 1588 1212 1643 ct
1229 1598 1356 1665 magna
1373 1599 1455 1643 cum

466 1674 629 1745 molestia
654 1699 783 1765 panem
797 1677 923 1746 edere.
989 1675 1056 1744 Sed
1083 1676 1238 1769 quietem
1272 1681 1335 1745 dat
1357 1674 1457 1749 Deus

466 1778 529 1858 iis,
556 1801 646 1870 quos
664 1778 790 1867 diligit.
841 1774 932 1847 Ecce
955 1778 1016 1845 lilii
1036 1775 1238 1850 baereditas
1260 1778 1455 1850 aDomino

466 1891 568 1961 sunt,
607 1891 642 1947 et
663 1880 781 1971 proles
805 1902 933 1949 munus
955 1880 1061 1951 illius.
1113 1879 1220 1951 Velut
1243 1884 1393 1973 sagittae
1418 1882 1455 1949 in

468 1980 584 2051 valida
603 2006 713 2051 manu
729 1995 831 2062 sunt,
856 1983 903 2049 ita
918 1996 1002 2053 sunt
1017 1998 1052 2053 et
1071 1978 1107 2050 hi
1124 1984 1281 2055 iuvenes.
1332 1983 1457 2053 Foelir

468 2096 539 2165 est,
572 2085 634 2176 qui
660 2080 864 2174 pharetram
889 2110 990 2153 suam
1014 2086 1145 2156 talibus
1166 2086 1349 2176 implevit,
1380 2110 1456 2155 non

467 2185 724 2269 confundetur,
755 2187 894 2280 quoties
920 2188 954 2253 in
982 2201 1084 2279 porta
1112 2213 1167 2259 res
1192 2189 1260 2258 erit
1287 2214 1365 2257 curn
1391 2185 1457 2259 ho·

465 2287 591 2359 stibus.

696 2451 1009 2549 Paraphrasis
1038 2458 1224 2531 Psalmi.

465 2595 573 2689 Quod
591 2592 717 2676 struis,
744 2606 779 2663 et
795 2594 895 2664 coelo
915 2607 1029 2665 certas
1047 2596 1196 2665 educere
1211 2596 1357 2681 molem,

515 2695 662 2767 Frustra
679 2696 767 2779 erit,
792 2690 861 2765 hoc
876 2700 1008 2767 condat
1022 2698 1061 2766 ni
1076 2696 1175 2769 Deus
1189 2711 1316 2769 auctor
1332 2724 1437 2792 opus,

465 2799 573 2892 Quod
589 2798 735 2889 vigilas,
760 2792 958 2893 urbemque
973 2812 1036 2869 tuo
1051 2800 1105 2871 vis
1121 2800 1238 2871 Marte
1254 2804 1359 2887 tueri,

518 2901 687 2984 Falleris,
714 2902 879 2971 excubias
895 2897 953 2970 hic
968 2901 1038 2972 uisi
1055 2898 1218 2974 Christus
1234 2917 1329 2995 agat,

464 3004 559 3074 Ante
574 3004 691 3073 solent
705 3026 819 3072 vanae
837 3026 1003 3097 somnum
1024 3003 1090 3073 tibi
1107 3007 1250 3075 demere
1265 3030 1386 3091 curae,

517 3104 636 3197 Quam
653 3099 792 3173 revehit
808 3105 941 3173 claram
958 3105 1083 3175 luciler
1098 3106 1173 3198 ipse
1192 3107 1301 3181 diem.

465 3206 607 3277 Etcum
624 3207 731 3297 longa
748 3207 823 3278 dies
838 3207 932 3277 tristi
946 3221 1156 3300 consumpta
1173 3210 1297 3281 labore
1315 3224 1379 3296 est,

518 3309 604 3380 Sera
620 3309 720 3404 quies
740 3333 844 3402 aegre
861 3309 1029 3403 languida
1046 3311 1208 3384 membra
1222 3312 1332 3390 lovel.

467 3411 689 3506 Conarisque
705 3413 838 3484 famem
854 3415 951 3483 nulla
970 3438 1045 3484 non
1062 3428 1138 3484 arte
1152 3418 1289 3506 fugare,

517 3511 616 3588 Nihil
629 3516 724 3606 agis,
751 3530 786 3586 et
798 3519 928 3587 frustra
945 3518 1100 3588 sumitur
1115 3519 1180 3590 iste
1197 3519 1311 3591 labor.
1385 3593 1390 3600 ,

465 3618 593 3690 Servat
608 3619 741 3712 alitque
757 3620 837 3711 pios
854 3643 973 3690 rerum
989 3633 1093 3712 pater
1109 3623 1288 3713 optimus,
1316 3623 1398 3692 inde

518 3722 716 3792 Commoda
735 3735 818 3791 sunt
832 3723 926 3792 vitae
941 3736 1065 3792 cuncta
1084 3727 1235 3814 petenda
1255 3725 1332 3798 tibi.

465 3823 549 3896 Non
559 3826 687 3894 domus
701 3822 776 3914 ipsa
791 3824 871 3907 sibi,
884 3847 958 3904 non
972 3828 1056 3896 urbs
1069 3839 1167 3896 creat
1179 3829 1255 3918 ipsa
1269 3841 1454 3919 patronos,

516 3925 675 3996 Foelices
691 3927 783 3998 cives
798 3929 931 4019 datque
944 3928 1098 4020 facitque
1114 3927 1223 4002 Deus.

463 4027 620 4122 lrnpetus
636 4041 688 4100 est
703 4029 817 4122 qualis
833 4030 969 4100 volucri
984 4031 1203 4126 rapidaeque
1217 4031 1376 4122 sagittae,

515 4132 639 4225 Quae,
673 4131 842 4225 quicquid
861 4132 965 4224 petiit
979 4133 1120 4224 longius
1134 4147 1233 4218 acta,
1258 4136 1350 4206 serit.

463 4233 520 4304 Sic
535 4257 749 4328 quocunque
764 4236 860 4326 rapit
875 4236 1018 4310 divinus
1034 4236 1179 4327 spiritus
1196 4238 1276 4308 illos

514 4335 647 4408 Virtuti
662 4351 794 4430 cogunt
809 4339 932 4408 cedere
948 4352 1074 4410 cuncta
1094 4363 1191 4410 suae.

462 4440 545 4512 Non
561 4441 705 4512 fortuna
727 4441 843 4525 viros,
870 4467 944 4510 non
958 4441 1073 4514 virtus
1088 4442 1220 4514 deserit
1236 4465 1410 4537 unquam,

513 4543 588 4618 Nec
604 4543 741 4616 ruitura
757 4567 843 4614 suae
857 4545 999 4614 moenia
1017 4558 1102 4616 sunt
1115 4545 1266 4636 patriae.

750 4746 811 4818 De
839 4747 932 4818 vita
960 4744 1161 4822 humana.

461 4889 568 4982 Quod
586 4887 679 4957 vitae
696 4887 859 4957 sectabor
874 4885 967 4956 iter?
1015 4885 1052 4956 Si
1069 4888 1176 4979 plena
1192 4885 1348 4955 tumultu

462 4994 553 5061 Sunt
566 4993 666 5069 lora;
700 4989 729 5059 si
747 4990 841 5061 curis
856 4992 985 5060 domus
1001 4991 1127 5069 anxias
1162 4988 1193 5059 si
1208 4987 1417 5080 peregrinos

461 5094 555 5165 Cura
571 5095 699 5163 domus
713 5093 891 5187 sequitur;
918 5104 1138 5162 mercantem
1156 5091 1186 5162 si
1200 5114 1294 5159 nova
1309 5114 1452 5184 semper

460 5197 603 5267 Damna
623 5209 790 5280 manent,
815 5221 952 5267 cessare
968 5208 1067 5265 vetat
1081 5195 1111 5266 si
1129 5195 1245 5285 turpis
1261 5207 1414 5285 egestam

460 5299 497 5371 si
513 5313 619 5370 verat
634 5301 738 5370 labor
753 5300 968 5391 agricolam,
990 5322 1090 5367 mare
1108 5298 1302 5388 naufragus
1317 5294 1450 5367 horror

459 5402 632 5487 lnfamat,
657 5427 867 5496 poenaeque
883 5426 1009 5494 graves
1024 5402 1061 5469 in
1077 5400 1212 5471 coelibe
1228 5402 1315 5484 vita,

459 5507 507 5577 Et
522 5508 667 5599 gravior
682 5507 794 5577 cautis
813 5506 971 5575 custodia
991 5528 1083 5572 vana
1101 5504 1257 5583 maritis;

460 5610 701 5703 Sanguineum
721 5610 750 5679 si
767 5609 893 5677 Martis
910 5632 1018 5698 opus,
1044 5608 1073 5678 si
1092 5608 1209 5698 turpia
1227 5606 1324 5676 lucra

456 5713 488 5787 F
489 5716 648 5799 ueneris,
674 5727 710 5784 et
724 5714 828 5782 velox
842 5711 968 5803 inopes
985 5734 1091 5780 usura
1110 5710 1275 5792 trucidat,

458 5818 577 5890 Omne
595 5844 721 5891 aevum
739 5838 865 5897 ouras,
893 5815 1028 5885 cunctis
1042 5838 1106 5884 sua
1122 5813 1286 5904 displicet
1301 5822 1410 5882 setes.

1043 614 1167 687 Pffll..
1203 613 1317 689 MEL.
1347 612 1549 691 sctum
1585 621 1922 694 PlllLOLOGlCA.

2423 624 2502 701 404

1508 791 1639 863 Sensus
1655 795 1754 867 abest
1769 796 1890 886 parvis
1904 792 2138 876 lactentibus,
2158 805 2196 862 et
2214 817 2410 885 puerorum

1419 904 1428 917 ”
1508 892 1607 965 Dura
1623 896 1849 981 rudimenta,
1872 910 1908 966 et
1925 897 2095 966 iuvenum
2115 898 2305 965 temeraria
2322 901 2435 989 pubes

1507 996 1664 1067 Afflictat
1678 1000 1824 1068 lortuna
1839 1001 1937 1071 viros
1952 1022 2018 1091 per
2035 1000 2151 1076 bella,
2177 1020 2243 1089 per
2255 1023 2406 1094 aequor,

1507 1096 1581 1171 lras
1597 1102 1836 1194 insidiasque,
1861 1115 2115 1197 catenatosque
2132 1102 2294 1185 labores,

1508 1202 1701 1273 Mutandos
1719 1228 1859 1295 semper
1875 1205 2121 1297 gravioribus,
2147 1203 2223 1295 ipsa
2241 1219 2404 1279 senectus

1507 1304 1679 1396 Expectat
1694 1308 1756 1375 diu
1771 1308 1934 1401 votisque
1950 1319 2072 1399 optata
2088 1306 2269 1398 malignis,

1507 1406 1641 1477 Obiicit
1656 1408 1854 1481 innumeris
1868 1433 1998 1502 corpus
2013 1409 2202 1479 lacerabile
2215 1410 2364 1483 morbis.

1508 1511 1718 1602 spernimus
1731 1512 1770 1581 iu
1784 1536 1975 1583 commune
1991 1536 2117 1583 omnes
2133 1514 2362 1607 praesentia,
2378 1515 2497 1610 Quos-

2127 1616 2210 1682 darn

1508 1714 1659 1787 Constat
1673 1717 1770 1785 nolle
1786 1719 1872 1787 deos
1886 1717 1983 1799 lieri,
2011 1713 2158 1811 luturna
2175 1718 2368 1787 reclamat:

1508 1817 1591 1911 Quo
1614 1819 1725 1887 vitam
1750 1820 1848 1888 dedit
1872 1817 2081 1888 aeternam?
2125 1818 2200 1889 Cur
2225 1821 2353 1892 mortis
2374 1826 2495 1893 ¹aderu-

2128 1937 2188 2013 pta
2208 1936 2261 1993 est

1508 2021 1704 2092 Conditio?
1741 2022 1798 2091 Sic
1815 2021 1985 2093 Caucasia
2001 2024 2066 2092 sub
2079 2047 2168 2115 rupe
2185 2022 2420 2098 Prometheus

1508 2124 1678 2196 'resume
1694 2125 1991 2216 Saturnigenam,
2016 2150 2082 2195 nec
2096 2129 2244 2198 nomine
2259 2141 2370 2201 cessat

1507 2224 1673 2297 lncusare
1689 2225 1831 2311 lovem,
1857 2230 1939 2297 data
1957 2229 2002 2298 sit
2016 2232 2113 2321 quod
2130 2230 2202 2299 vita
2221 2231 2397 2321 perennis.

1508 2327 1657 2421 Respice
1675 2342 1710 2399 et
1727 2333 1773 2398 ad
1790 2330 1905 2401 cultus
1920 2331 2045 2400 animi.
2079 2330 2137 2400 Sic
2153 2356 2282 2425 nempe
2300 2320 2468 2425 pudicum

1508 2431 1670 2501 Perdidit
1685 2432 1920 2525 llippolytum
1939 2458 2013 2502 non
2027 2434 2135 2504 foelix
2152 2458 2236 2505 cura
2253 2435 2415 2527 pudoris.

1506 2537 1555 2605 At
1571 2548 1694 2603 contra
1709 2536 1885 2605 illecebris
1900 2537 2118 2607 maculosam
2135 2541 2264 2608 ducere
2279 2538 2391 2607 vitam
2493 2620 2497 2625 Ι

1508 2636 1624 2728 Quem
1640 2638 1751 2722 iuvat,
1766 2638 1884 2729 aspice
1898 2651 1933 2707 et
1947 2640 1992 2708 ad
2007 2662 2141 2731 poenas
2156 2654 2191 2709 et
2204 2640 2353 2709 crimina
2368 2656 2497 2731 regum

1507 2738 1643 2810 Tereos
1660 2740 1803 2823 incesti,
1830 2742 1887 2809 vel
1899 2742 2018 2813 mollis
2033 2742 2280 2835 Sardanapali.

1507 2841 1698 2912 Perfidiam
1715 2844 1830 2912 vitare
1845 2857 1996 2913 monent
2009 2846 2077 2914 tria
2094 2846 2229 2915 Punica
2247 2844 2354 2925 bella,

1507 2944 1576 3014 Sed
1590 2941 1760 3037 prohibet
1777 2968 1920 3015 servare
1938 2948 2044 3016 fidem
2063 2948 2176 3017 deleta
2195 2946 2386 3039 Saguntos.

1506 3042 1597 3117 Vive
1610 3062 1646 3117 et
1660 3048 1835 3119 amicitias
1849 3073 1992 3140 semper
2007 3051 2104 3134 cole,
2130 3050 2267 3120 crimen
2284 3050 2330 3119 ob
2346 3048 2442 3121 istud

1507 3146 1829 3243 Pitbagoraeorum
1839 3152 1954 3243 periit
1969 3147 2088 3223 schola
2108 3156 2212 3223 docta
2231 3148 2441 3245 sophorum.

1507 3250 1584 3321 lloc
1603 3268 1765 3324 metuens
1780 3254 1890 3345 igitur
1903 3256 2019 3325 nullas
2035 3258 2131 3340 cole,
2157 3257 2294 3324 crimen
2310 3256 2356 3325 ob
2371 3255 2467 3327 istud

1470 3359 1474 3370 '
1507 3355 1640 3426 Timon
1658 3358 1830 3428 Palladiis
1846 3359 1931 3426 olim
1948 3360 2126 3450 lapidatus
2138 3355 2301 3430 Athenis.
2379 3379 2382 3384 '

1507 3457 1663 3530 Dissidet
1677 3461 1853 3552 ambiguis
1867 3485 2009 3552 semper
2025 3487 2127 3532 mens
2144 3461 2249 3531 obvia
2266 3461 2372 3532 votis.

1507 3561 1581 3633 Nec
1595 3562 1750 3634 voluisse
1764 3560 1903 3633 homini
1919 3563 2004 3635 satis
2018 3579 2088 3649 est,
2115 3577 2238 3656 optata
2254 3573 2435 3634 recusant.

1505 3661 1592 3735 Esse
1605 3665 1644 3734 in
1660 3661 1800 3736 honore
1816 3667 1945 3757 placet,
1963 3691 2048 3736 mox
2061 3667 2242 3759 poenitet,
2260 3677 2295 3736 et
2309 3665 2495 3736 dominari

1506 3767 1557 3837 Ut
1573 3771 1732 3860 possint,
1757 3768 1892 3840 servire
1907 3769 2054 3850 nolunt;
2081 3772 2177 3840 idem
2197 3783 2320 3839 auctus
2337 3764 2479 3840 honore

1505 3867 1665 3942 Invidiae
1681 3873 1859 3943 obiicitur.
1903 3873 2048 3944 Pernox
2064 3886 2117 3946 est
2132 3897 2216 3942 cura
2235 3872 2390 3955 disertis,

1506 3973 1574 4044 Sed
1592 3976 1691 4046 rudis
1707 3990 1838 4046 ornatu
1850 3975 1947 4045 vitae
1963 3989 2071 4049 caret.
2122 3975 2210 4047 Esto
2229 3988 2406 4068 patronus

1504 4075 1551 4146 Et
1566 4079 1830 4161 defenderem,
1859 4079 1921 4149 sed
1937 4080 2051 4171 gratia
2067 4103 2150 4148 rara
2166 4077 2316 4147 clientis.

1505 4177 1591 4250 Esto
1608 4181 1740 4265 cliens,
1765 4181 1882 4273 gravis
1896 4181 2038 4276 imperii
2056 4205 2208 4275 persona
2226 4179 2386 4272 patroni.
2444 4183 2494 4212 '¹⁸’

1504 4281 1680 4353 Erercent
1692 4280 1788 4354 hunc
1802 4297 1887 4353 vota
1902 4297 2069 4377 patrum,
2095 4309 2178 4355 mox
2194 4306 2318 4376 aspera
2337 4281 2433 4353 cur-is

1504 4385 1716 4476 Sollicitudo
1731 4387 1846 4471 subit,
1873 4389 2116 4458 contemnitur
2131 4389 2217 4457 orba
2236 4398 2398 4456 senectus

1503 4487 1551 4558 Et
1564 4491 1758 4584 captatoris
1772 4493 1907 4584 praeda
1925 4505 1977 4563 est
1993 4489 2158 4562 haeredis
2176 4513 2320 4581 egenus,

1503 4591 1624 4664 Vitam
1637 4617 1770 4687 parcus
1785 4617 1888 4686 agas,
1912 4595 2008 4664 avidi
2024 4595 2226 4665 lacerabere
2240 4591 2352 4676 fama,

1503 4693 1551 4765 Et
1562 4697 1770 4790 largitorem
1790 4697 1933 4788 gravius
1949 4722 2096 4768 censura
2112 4695 2266 4766 notabit.

1504 4797 1639 4870 Cuncta
1655 4799 1721 4869 tibi
1737 4800 1895 4882 adversis
1912 4801 2090 4869 contraria
2108 4801 2247 4870 casibus
2263 4820 2348 4887 ergo

1503 4901 1650 4996 Optima
1660 4903 1855 4973 Graiorum
1870 4903 2058 4986 sententia,
2075 4903 2208 4997 quippe
2223 4898 2363 4971 bomini
2378 4895 2493 4977 aiunt,

1502 5005 1585 5078 Non
1609 5006 1709 5076 nasci
1733 5007 1986 5089 essebonum,
2025 5020 2151 5076 natum
2185 5019 2248 5075 aut
2277 5003 2346 5072 cito
2372 5011 2493 5070 morte

2119 5109 2240 5201 potiri.

1783 5279 1917 5350 Dicta
1944 5281 2206 5373 sapientum

1667 5399 1819 5471 Erasmo
1843 5400 2091 5472 Roterodamo
2115 5401 2322 5493 interprete.

1678 5627 1683 5642 .
1732 5567 1980 5640 Periandri
2004 5565 2255 5640 Corinthii.

1601 5705 1781 5777 Omnibus
1801 5707 1953 5799 placeto.
2010 5705 2113 5776 Bona
2137 5730 2194 5778 res
2217 5707 2329 5800 quies.
2385 5706 2491 5776 Peri-

1500 5809 1618 5883 culosa
1642 5812 1836 5882 temeritas.
1893 5809 2043 5901 Semper
2064 5812 2264 5900 voluptates
2283 5821 2368 5883 sunt
2388 5831 2492 5882 mor
