5534 6700
482 649 556 720 185
632 664 636 677 “

1063 648 1188 724 reru.
1223 651 1338 724 unu.
1368 656 1571 730 scritura
1604 663 1943 763 nemorosius.

2448 677 2522 748 184

599 790 656 877 'Ex
678 821 730 876 illa
751 819 947 897 descriptione
970 821 1162 899 intelligitur,
1182 822 1258 881 hanc
1277 819 1533 888 Imitationem
1551 831 1734 909 puerilem,
1757 838 1868 895 duabus
1889 839 1994 915 primis
2014 840 2129 916 paginis
2151 845 2302 920 exceptis,
2323 862 2383 902 non
2400 840 2523 911 Grues-
2559 876 2565 883 ·

479 905 654 977 micon,
675 903 728 961 sed
744 898 1043 964 Chrestomutltiuus
1066 909 1235 978 continere,
1256 927 1343 986 quarn
1365 910 1396 971 h.
1410 913 1430 968 l.
1454 913 1493 971 ita
1516 917 1712 977 recudendam
1736 924 1859 997 curabo,
1881 934 1913 981 ut
1934 923 2014 982 locos
2028 942 2046 981 e
2059 926 2144 982 Novo
2159 927 2350 989 Testamento
2364 932 2521 1010 poetisque

481 990 603 1048 Graecis
625 979 765 1046 collecto}
786 1001 900 1051 tanturn
922 991 1094 1050 brevissime
1115 993 1260 1069 indicem,
1287 996 1352 1072 ipso
1374 1007 1459 1054 textu
1481 1017 1587 1076 graeco
1609 1005 1730 1082 omisso,
1758 1016 1857 1067 cetera
1880 1025 1951 1066 vero
1973 1009 2088 1088 integra
2110 1009 2276 1070 exhibeam.

1325 1230 1669 1242 ———..-—--

743 1442 1112 1522 rusurrurtu
1143 1389 1435 1527 rucanas
1469 1451 1833 1527 maenarum
1867 1455 2254 1536 unanuanuu

1060 1586 1298 1647 PHILIPPO'
1315 1589 1659 1652 MELANTHONE
1690 1592 1929 1654 AUCTORE.

724 1769 913 1841 Literac
940 1772 1221 1846 Graecorum

852 1887 935 1944 sunt
961 1872 1100 1946 XXllll.

553 1986 1472 2092 Αβγδεζηθικλμνξοπρστ

451 2117 503 2167 ,υ
529 2119 559 2190 φ
582 2118 607 2184 χ
632 2111 666 2187 ψ
691 2118 734 2164 ω.
786 2093 924 2164 Harum
943 2097 1121 2189 quaedam
1138 2098 1343 2168 discrimina
1361 2100 1469 2170 etiarn

477 2195 599 2288 pueris
624 2195 744 2265 statim
774 2192 991 2266 ostendenda
1014 2212 1115 2284 sunt,
1142 2213 1183 2271 nt
1204 2203 1302 2295 quud
1318 2200 1470 2275 vocales

478 2297 570 2369 aliae
586 2296 677 2379 sint,
701 2298 791 2368 aliae
808 2299 1067 2371 consonantes.

579 2399 730 2470 Vocales
758 2425 821 2472 ue
846 2427 907 2496 ιη
935 2429 1005 2474 ου
1032 2429 1074 2474 ω.

579 2501 755 2594 Reliquae
772 2502 880 2572 XVII.
899 2504 1158 2575 consonantes.

579 2601 668 2671 Item
703 2603 888 2700 Vocatium
927 2606 1131 2675 discrimina
1168 2620 1203 2676 et
1236 2609 1481 2701 cognationes·

476 2727 551 2773 nun
575 2718 659 2775 sunt
682 2707 924 2796 negligendae.
978 2707 1086 2800 Quod
1110 2710 1236 2780 breves
1255 2738 1308 2784 eo
1325 2725 1466 2783 muten-

474 2819 534 2876 tur
551 2807 594 2876 in
615 2834 639 2901 η
663 2832 695 2879 ω
711 2809 849 2898 longas.
899 2811 1102 2902 Ancipites,
1135 2837 1159 2882 α
1183 2826 1344 2884 mutatur
1366 2815 1405 2882 in
1431 2842 1467 2909 η.

473 2934 627 2982 tvnon
649 2923 846 2979 mutantur.
885 2911 894 2936 ⁸

577 3036 602 3081 α
635 3004 741 3078 etiam
774 3011 1024 3101 cognationem
1062 3009 1169 3083 habet
1198 3040 1279 3085 cum
1310 3043 1342 3089 cu
1371 3031 1407 3088 et
1437 3045 1467 3105 e,

473 3116 614 3209 πρᾶτος
635 3117 782 3206 πρῶτος
788 3163 801 3203 ,
834 3110 931 3192 tuuis
951 3111 1050 3194 λεώς.

576 3213 679 3306 Quae
708 3215 791 3307 quia
823 3216 944 3305 pueris
973 3216 1164 3286 insolentia
1195 3232 1230 3288 et
1251 3245 1346 3291 nova
1368 3235 1465 3307 sunt,

472 3338 548 3385 non
574 3317 813 3387 malefecerit
836 3317 1028 3409 Magister,
1054 3319 1085 3390 si
1109 3321 1272 3394 docuerit
1292 3348 1398 3409 sane,
1424 3337 1465 3396 ut

472 3418 596 3505 aiunt,
637 3417 867 3518 σαφέστερον
897 3416 962 3493 καὶ
989 3418 1252 3521 ἀμαθέστερον
1258 3479 1270 3513 ,
1313 3428 1369 3497 vel
1398 3452 1464 3497 no-

470 3534 567 3592 strae
596 3521 741 3614 linguae
777 3524 976 3594 vernaculis
1007 3527 1198 3618 exemplis,
1233 3526 1294 3598 leh
1320 3527 1463 3623 sprach,

470 3620 533 3693 leh
549 3625 623 3709 las,
649 3622 852 3717 Sprechen,
876 3625 1013 3711 Lesen,
1036 3623 1098 3697 Ich
1118 3626 1259 3722 sprich,
1285 3631 1358 3705 Lis.

470 3756 477 3767 ·
573 3726 906 3800 Demonstrandum.
921 3730 1029 3799 etiam
1045 3731 1165 3822 pueris
1181 3747 1244 3818 est,
1268 3761 1340 3829 quo
1354 3749 1461 3828 pacto

471 3829 613 3898 vocales
630 3844 777 3913 coeant,
803 3855 844 3900 ac
867 3828 1083 3924 diphthongi
1100 3836 1310 3909 efficiantur.
1363 3839 1462 3932 Qua·

469 3955 551 4001 rum
567 3934 740 4024 propriae
756 3957 819 4004 seu
833 3934 1015 4005 naturales
1033 3949 1116 4006 sunt
1131 3938 1210 4009 Sex.

574 4057 613 4105 αι
639 4060 689 4107 αυ
716 4062 747 4107 ει
773 4062 955 4110 evasum

477 4195 482 4209 .
571 4132 798 4232 Impropriac
822 4140 907 4209 item
933 4140 1012 4212 Sex.

572 4264 598 4334 ᾳ
629 4267 652 4335 ῃ
684 4269 716 4337 ῳ
750 4267 799 4336 nv
832 4268 889 4315 ωυ
921 4268 971 4316 vt.
1046 4244 1149 4338 Quae
1178 4243 1339 4314 factitiae
1376 4256 1461 4316 sunt

412 4429 416 4437 Ι
469 4350 506 4409 et
522 4338 851 4414 Grammaticorum
877 4360 1141 4431 commentum,
1168 4360 1311 4439 praeter
1331 4350 1459 4418 furtas-

469 4466 517 4511 srs
539 4467 590 4513 vt.

574 4543 860 4615 consonantium
897 4548 1117 4621 differentias
1155 4552 1293 4638 multas·
1321 4552 1460 4622 faciunt

458 4644 716 4719 ‘Grammatici
768 4648 879 4719 Pueri
895 4650 1034 4721 discant
1046 4650 1204 4738 illarum,
1226 4678 1317 4750 quae
1334 4654 1458 4726 Mutae

467 4751 715 4921 apfippllantur,
741 4752 922 4825 diversam
936 4753 1032 4839 vim,
1058 4769 1094 4826 et
1113 4780 1204 4851 quae
1223 4760 1269 4830 sit
1283 4757 1378 4863 inter
1392 4754 1458 4828 has

386 4905 388 4909 .
458 4874 487 4920 ‚a
553 4854 632 4925 itas.

769 4992 893 5065 Mutae
916 5007 1000 5066 sunt
1022 5020 1153 5066 novem

569 5107 660 5177 Tres
684 5121 807 5183 tenues
832 5139 857 5186 κ
881 5140 909 5186 π
930 5140 966 5187 τ.

568 5210 659 5282 Tres
683 5213 824 5283 mediae
848 5241 875 5315 7
899 5217 930 5310 β
954 5213 991 5291 δ.

568 5312 659 5384 Tres
682 5340 829 5407 asperae
853 5344 880 5410 χ
906 5344 936 5413 φ
962 5319 1005 5390 θ.

463 5410 601 5485 Harum
618 5419 779 5488 omnium
802 5423 923 5513 quoad
945 5421 1022 5488 fieri
1043 5434 1161 5513 potest
1184 5434 1345 5491 exactam
1368 5446 1454 5514 pro·

461 5518 726 5589 nuntiationem
757 5522 899 5592 docebit
933 5546 1063 5613 pueros
1098 5539 1331 5618 praeceptor,
1376 5550 1452 5595 non

460 5623 744 5711 superstitiosam
762 5638 904 5709 tamen,
930 5627 992 5696 sed
1012 5651 1121 5721 quam
1137 5631 1293 5699 maxime
1316 5628 1453 5721 simpli·

453 5746 549 5796 cem.
601 5724 654 5796 Ita
672 5727 745 5813 fiet,
771 5739 824 5811 ut,
841 5730 939 5823 quod
954 5729 999 5798 de
1014 5733 1218 5801 veneranda
1236 5731 1452 5827 antiquitate

424 5811 427 5827 ¹
451 5838 512 5897 'est
533 5830 737 5927 reliquum,
763 5855 858 5903 nova
882 5832 1049 5904 barbarie
1072 5857 1149 5903 non
1172 5829 1452 5921 contaminetur,

1525 1791 1560 1846 et
1573 1773 1642 1847 hoc
1657 1780 1776 1848 studio
1794 1794 1919 1850 nostro
1937 1783 2059 1877 aliquo
2076 1798 2169 1856 certe
2184 1813 2296 1882 usque
2313 1811 2334 1857 a
2348 1792 2517 1865 sordibus

1523 1879 1667 1972 linguae
1683 1897 1937 1974 expurgentur.
1960 1905 1966 1917 ·

1624 1982 1809 2054 Mutarum
1840 1987 1879 2053 in
1906 2011 1944 2056 se
1974 1988 2204 2061 transitiones
2226 1994 2277 2061 ad
2299 1995 2514 2067 affinitatem

1521 2084 1723 2176 pertinent,
1757 2101 1792 2156 et
1811 2089 1960 2158 minime
1982 2103 2066 2160 sunt
2087 2095 2332 2186 negligendae.
2384 2096 2514 2169 Exem-

1520 2187 1579 2278 pla
1595 2188 1727 2278 passim
1744 2190 1849 2259 obvia
1865 2204 1959 2262 sunt.
2011 2189 2159 2264 Interim
2176 2211 2301 2268 nostru
2317 2198 2513 2271 vernacirlo

1520 2289 1713 2374 indicabit,
1740 2288 1955 2379 Schreiben‚
1981 2291 2130 2370 schrillt.
2169 2298 2210 2396 β.
2238 2327 2281 2399 φ.
2475 2320 2478 2325 ’

1623 2392 1727 2462 Talia
1746 2396 1937 2489 quaepiam
1955 2399 1998 2466 de
2011 2399 2124 2470 literis
2140 2404 2261 2494 pueris
2276 2405 2430 2488 tradere,
2456 2417 2514 2473 sat

1518 2493 1646 2579 luerit,
1673 2519 1790 2590 neque
1807 2499 1904 2568 enirn
1918 2512 1992 2569 tam
2010 2500 2139 2598 τέχνης
2158 2501 2331 2587 ἐπίδειξιν
2354 2506 2515 2576 studebit

1518 2596 1634 2666 facere
1669 2623 1776 2671 sanus
1810 2605 2071 2695 paedagogus,
2101 2631 2210 2698 quam
2236 2609 2342 2675 rudes
2375 2632 2515 2696 pueros

1519 2699 1725 2785 instituere,
1757 2705 2014 2794 profectiornm
2040 2708 2147 2796 paulo
2170 2719 2267 2775 aetas
2293 2707 2362 2774 alia
2388 2711 2514 2778 studia

1518 2803 1644 2892 poscit.

1620 2904 1919 2991 Abbreviaturas,
1951 2932 2040 3002 quas
2061 2907 2273 2992 nominant,
2307 2933 2382 2977 non
2405 2934 2511 2979 cura-

1518 3007 1635 3078 vimus
1650 3007 1768 3078 adiici.
1827 3008 1923 3081 Nam
1946 3033 2004 3080 eas
2026 3034 2222 3104 earumque
2245 3011 2424 3081 rationem
2447 3014 2510 3082 de-

1517 3110 1712 3179 monstrari
1725 3111 1870 3181 interim
1887 3113 1973 3182 dum
1990 3114 2143 3182 lectione
2160 3115 2370 3184 exercentur
2391 3116 2508 3205 pueri,

1516 3213 1631 3282 multo
1654 3213 1772 3284 fuerit
1800 3215 1911 3285 satius
1940 3239 2049 3308 quam
2081 3217 2310 3307 praescriptis
2334 3218 2507 3289 'formulis

1515 3315 1661 3404 discere.
1931 3316 1941 3332 '

1617 3417 1823 3488 Literarum
1854 3421 1986 3511 ligures
2010 3433 2046 3490 ct
2076 3420 2149 3489 vim
2174 3423 2295 3491 statim
2319 3421 2382 3490 ubi
2414 3445 2506 3512 puer

1514 3520 1693 3613 percepit,
1719 3520 1867 3590 lectioni
1887 3523 2005 3592 danda
2029 3536 2081 3593 est
2104 3547 2232 3614 opera,
2263 3538 2305 3594 ut
2327 3546 2416 3618 quas
2440 3549 2506 3615 per

1514 3645 1551 3692 se
1567 3621 1711 3707 didicit,
1738 3622 1776 3691 in
1802 3624 1906 3693 turba
1930 3626 2044 3717 possit
2066 3649 2278 3717 agnuscere,
2311 3639 2347 3696 et
2368 3626 2426 3696 cui
2450 3627 2505 3695 rei

1513 3724 1797 3809 inventaesunt,
1824 3727 1953 3821 quibus
1974 3728 2305 3814 coniunctionibus,
2331 3727 2419 3822 quid
2442 3754 2506 3797 va-

1513 3828 1611 3897 leant
1634 3828 1844 3920 intelligere.
1896 3828 1949 3899 Ea
1971 3831 2117 3901 scientia
2143 3856 2211 3902 usu
2233 3833 2428 3905 exercenda
2451 3845 2505 3901 est

1513 3930 1743 4026 simulatque
1768 3934 2025 4004 confirmanda.
2078 3934 2151 4003 Ubi
2173 3935 2360 4032 inprimis
2384 3935 2504 4004 bonus

1511 4033 1730 4127 Praeceptor
1745 4035 1903 4120 cavebit,
1929 4060 1975 4105 ne
1991 4036 2079 4131 quid
2095 4038 2241 4107 foedum
2260 4050 2322 4108 aut
2338 4038 2504 4129 ineptum

1512 4135 1653 4228 pueris,
1689 4139 1784 4207 unde
1813 4138 2003 4208 lectionem
2029 4139 2276 4233 auspicentur,
2306 4152 2504 4232 proponat,

1512 4249 1553 4308 ut
1575 4239 1780 4309 animorum
1810 4240 1967 4331 puritas,
2001 4244 2100 4336 quod
2123 4246 2170 4312 ad
2191 4267 2309 4313 mures
2333 4242 2433 4310 iuxta
2461 4265 2504 4310 ac

1510 4340 1632 4411 literas
1653 4342 1799 4425 attinet,
1829 4345 2060 4416 custodiatur.
2118 4344 2152 4413 A
2166 4345 2280 4416 Sacris
2303 4344 2502 4413 rectissime

1457 4485 1462 4489 -
1511 4442 1729 4536 principium
1746 4446 1915 4531 ducetur,
1942 4449 2040 4517 velut
2054 4460 2227 4517 annotare
2242 4460 2294 4517 est
2308 4448 2445 4531 visum,
2471 4446 2502 4516 si

1511 4546 1568 4617 cui
1582 4548 1675 4617 forte
1692 4544 1759 4617 hac
1775 4548 1813 4616 in
1826 4567 1866 4618 re
1883 4550 1982 4641 pium
2001 4551 2158 4621 studium
2174 4549 2261 4621 utile
2275 4550 2465 4620 videbitur.

1746 4732 1994 4818 uxtncttts
2019 4732 2267 4789 uscrtontsi

1988 4852 2015 4924 l.

1736 5020 1737 5024 ¹
1779 4990 1833 5061 Ex
1858 4850 2045 5062 Matth[ae]o
2073 4992 2160 5084 Cap.
2179 4991 2223 5063 V.

1507 5126 1673 5187 (becttoots
1694 5126 1869 5179 ecerctttuss
1890 5126 1936 5177 cte
1957 5126 2134 5192 tnsortptem
2155 5140 2222 5178 ,nos
2251 5127 2345 5178 coloss
2368 5125 2440 5189 osu.
2456 5125 2503 5191 V.,'

1507 5196 1666 5323 :xmp
1680 5194 1749 5260 cap.
1765 5195 1816 5247 Vt.
1834 5196 1863 5247 et
1875 5193 1946 5261 cop.
1961 5195 2028 5260 vn,
2043 5196 2146 5247 1-ts.
2168 5196 2223 5250 llo.
2237 5193 2385 5249 Motttaet
2395 5206 2499 5262 aresce

1828 5479 1834 5492 ,
1961 5381 2043 5485 [n]

1621 5572 1624 5579 -
1713 5523 1859 5625 Paulus·
1874 5525 2070 5616 Apostolus
2095 5524 2284 5596 Romanis.

1503 5658 1675 5719 (Partim
1690 5658 1735 5709 tic
1751 5658 1897 5724 &mutato
1910 5661 2114 5727 complectitur
2127 5661 2269 5727 eptstotoe
2281 5659 2368 5711 route
2379 5660 2421 5711 od
2432 5657 2504 5711 tto·

1501 5742 1604 5783 nasot
1621 5730 1690 5791 Gap.
1705 5728 1776 5779 111.
1789 5731 1819 5781 et
1833 5728 1922 5781 1111.
1938 5731 2002 5783 teste
2020 5744 2074 5796 rs,
2090 5730 2336 5795 accepturum
2353 5730 2498 5784 entreats

1501 5798 1644 5852 emersu
1661 5798 1702 5847 ts.
1719 5799 1829 5863 cspttts
1845 5799 1953 5852 1111..

1517 5868 1531 5883 .
1546 5855 1557 5878 Ι,
2029 5799 2077 5863 tis
2093 5794 2197 5865 capsis
2212 5793 2352 5866 πρόνοιαν
2366 5794 2407 5864 μη·
2427 5813 2499 5850 ποι·

1502 5865 1581 5921 sosts
1596 5867 1636 5929 rte
1651 5861 1820 5934 lustum,
1842 5867 1962 5942 quest.
1974 5870 2087 5958 tsssct
2101 5870 2238 5929 mm.)
2351 5908 2357 5916 .
