5534 6700
276 810 392 881 videri
426 808 564 902 potuit,
591 804 778 897 elegimus
805 802 1086 896 Imperatorem,
1127 803 1166 872 in
1196 827 1269 896 quo

276 940 357 985 cum
377 915 511 981 virtute
528 910 691 1003 potentia
712 907 901 978 coniuncta
927 919 1000 991 est,
1025 919 1066 977 ut
1082 906 1158 976 eius
1177 903 1270 975 vires

276 1015 458 1109 praesidio
481 1025 599 1083 essent
623 1009 807 1101 religioni,
837 1006 1015 1103 Imperio,
1042 1021 1078 1079 et
1099 1010 1269 1079 universo

275 1117 418 1189 nomini
435 1111 653 1186 Christiano.

380 1252 538 1322 Proinde
558 1274 625 1320 vos·
641 1248 808 1340 auspiciis
821 1244 967 1341 Imperii
984 1247 1096 1339 ipsius
1117 1248 1209 1317 laeta
1235 1259 1272 1315 et

276 1359 392 1426 fausta
409 1351 627 1445 precamini,
653 1351 757 1445 eique
773 1351 927 1421 libenter
949 1349 1112 1432 obedite,
1146 1362 1187 1420 ut
1209 1350 1270 1418 de-

278 1471 333 1530 cet
350 1456 538 1548 principes
562 1468 598 1523 et
621 1454 776 1547 populos
800 1466 961 1524 amantes
983 1454 1147 1545 publicae
1172 1465 1270 1520 tran-

278 1558 476 1657 quillitatis.
543 1557 734 1627 Postremo
763 1582 842 1627 curn
870 1556 1052 1647 ingentem
1074 1556 1210 1625 luctum
1235 1564 1271 1651 et

277 1686 481 1733 moerorem
496 1658 670 1729 ¹interitus
693 1658 933 1729 Maximiliani
954 1658 1135 1741 attulerit,
1169 1658 1269 1727 decet

276 1789 342 1836 vos
357 1763 431 1831 vim
447 1763 512 1832 fati
528 1761 699 1857 aequiore
716 1762 839 1832 animo
861 1763 974 1845 ferre,
999 1772 1192 1854 postquam
1207 1783 1270 1829 ne-

276 1892 363 1959 pos,
390 1891 496 1960 quem
512 1863 571 1935 ille
588 1859 835 1936 charissimum
850 1860 996 1947 habuit,
1023 1875 1058 1933 et
1078 1863 1184 1935 nobis
1206 1860 1271 1929 ali-

279 1970 425 2066 quando
458 1969 742 2050 commendavit,
788 1968 857 2060 ipsi
889 1965 1075 2048 successit,
1121 1970 1270 2035 utnon

279 2072 428 2141 omnino
450 2070 633 2142 extinctus
660 2068 775 2140 videri
804 2069 927 2162 possit.
992 2066 1133 2138 Deinde
1158 2066 1270 2159 ipsius

278 2174 445 2244 manibus
469 2169 539 2243 boc
562 2172 717 2243 officium
742 2171 908 2257 tribuite,
939 2184 982 2243 ut
996 2170 1128 2241 maiori
1150 2169 1269 2241 studio

277 2277 402 2368 nepoti
417 2276 595 2368 pareatis,
620 2288 656 2344 et
672 2270 830 2346 consiliis
844 2275 970 2346 vestris
986 2288 1022 2344 et
1037 2273 1168 2367 copiis,
1194 2299 1270 2344 sus-

279 2378 470 2469 cipientem
492 2378 739 2471 gravissimam
760 2375 907 2469 lmperii
930 2376 1086 2460 molem,
1129 2398 1268 2445 summa

279 2480 473 2551 concordia
504 2478 692 2550 adiuvetis.
759 2478 869 2573 Quod
894 2503 937 2549 eo
961 2478 1070 2547 etiam
1093 2478 1196 2546 vobis
1219 2478 1270 2546 la·

279 2582 445 2652 ciendum
473 2594 526 2652 est
547 2582 685 2651 maiore
706 2605 812 2663 cura,
851 2593 892 2651 ut
908 2578 1056 2672 Imperii
1078 2579 1270 2672 posscssio-

279 2709 361 2753 nem
379 2682 576 2768 retineatis,
599 2708 708 2778 quam
723 2685 799 2756 sine
817 2683 1009 2753 concordia
1027 2682 1121 2753 tueri
1136 2699 1270 2776 nequa-

279 2812 389 2882 quam
413 2810 614 2878 possumus.
668 2785 830 2878 Cogitate
848 2799 989 2869 autem,
1009 2798 1191 2881 'quantum
1209 2786 1270 2854 de·

279 2890 420 2973 cussit,
445 2912 555 2958 unam
572 2883 665 2957 hanc
678 2889 865 2957 nationem
881 2890 1055 2993 delectam
1073 2912 1159 2972 esse,
1177 2912 1269 2981 quae

277 3015 354 3061 non
369 3002 511 3061 tantum
528 3014 611 3061 suos
631 2992 720 3061 fines
738 2991 964 3089 defenderet,
990 2992 1052 3060 sed
1076 3003 1194 3061 custos
1217 3015 1270 3060 es-

277 3107 331 3167 set
343 3094 452 3165 etiam
472 3107 694 3163 caeterarum
721 3092 905 3191 gentium,
936 3105 971 3163 et
991 3117 1060 3185 pro
1084 3090 1270 3163 communi

277 3198 391 3269 salute
416 3192 612 3267 Christiani
642 3194 800 3266 nominis
822 3190 1054 3288 praecipuam
1076 3196 1268 3266 stationem

276 3312 428 3371 teneret.
478 3298 558 3368 Hoc
574 3299 681 3369 decus
694 3321 823 3390 magna
844 3294 977 3370 'virtute
994 3310 1139 3392 partum
1155 3323 1174 3367 a
1193 3324 1269 3368 ma-

276 3403 436 3485 ioribus,
462 3414 498 3470 et
515 3424 630 3471 annos
643 3403 718 3472 lere
731 3401 802 3472 iam
822 3401 1045 3493 octingentos
1067 3401 1106 3470 in
1121 3397 1190 3471 hac
1205 3427 1269 3471 na-

277 3505 377 3578 tione
401 3490 654 3575 conser'vatum
678 3497 852 3596 sapientia
870 3518 906 3575 et
921 3506 1113 3574 concordia
1136 3505 1269 3597 princi-

276 3634 389 3704 pum,
422 3606 534 3676 nolite
554 3630 651 3677 nunc
670 3631 738 3699 per
752 3607 968 3680 discordiam
992 3607 1179 3692 amittere,
1211 3633 1269 3677 ea·

278 3736 349 3808 que
377 3711 416 3779 in
448 3733 590 3780 recum
615 3723 755 3781 vestrae
782 3710 919 3802 gloriae
943 3723 979 3781 et
1002 3710 1269 3807 tranquillitati,

277 3827 356 3885 tum
369 3837 457 3883 vero
472 3812 579 3883 saluti
595 3813 692 3883 orbis
707 3825 885 3883 terrarum
908 3813 1094 3885 consulite.
1156 3810 1269 3909 quue

278 3917 456 4001 officium,
482 3914 681 4009 principes,
707 3928 836 4001 eteos,
863 3916 927 4012 qui
949 3929 1122 4010 praesunt
1134 3916 1269 4009 Reipu-

279 4019 413 4105 blicae,
454 4018 611 4087 maxime
635 4019 765 4089 debere
787 4017 865 4089 Deo
895 4009 1060 4103 statuite,
1100 4032 1142 4090 ut
1173 4045 1269 4089 com·

279 4121 380 4193 muni
394 4121 502 4193 saluti
516 4121 683 4193 omnibus
699 4122 835 4194 viribus
850 4124 1050 4195 consulant.

381 4259 479 4329 Haec
501 4259 725 4329 renuntianti
743 4261 899 4353 populus
913 4286 992 4332 cum
1008 4262 1138 4354 plausu
1154 4263 1271 4330 accla-

277 4366 416 4434 mabat.
446 4357 547 4436 Nihil
562 4362 659 4432 enim
681 4364 849 4436 omnibus
871 4363 1060 4434 ordinibus
1074 4375 1153 4434 erat
1169 4378 1270 4455 opta·

278 4466 372 4550 tius,
404 4488 512 4557 quam
536 4466 635 4535 eludi
658 4468 940 4558 expectationem
962 4467 1173 4561 Gallorum,
1207 4467 1271 4560 qui

275 4566 474 4660 imperium
498 4567 567 4642 sibi
589 4571 866 4661 desponderant.
917 4567 1043 4665 ltaque
1063 4568 1188 4640 audito
1204 4567 1271 4639 Ca·

277 4671 349 4743 roli
363 4668 525 4753 nomine,
551 4695 675 4743 omnes
691 4695 763 4743 una
782 4697 868 4742 voce
884 4686 921 4742 et
936 4697 1112 4745 consensu
1127 4671 1271 4742 electio-

276 4799 360 4846 nem
384 4774 647 4865 approbabant.
711 4777 835 4868 Agunt
864 4776 999 4867 gratias
1021 4774 1101 4847 Deo
1130 4774 1270 4867 optimo

273 4879 435 4948 maximo
451 4876 628 4968 primum,
655 4881 753 4971 quod
772 4891 889 4950 metus
911 4878 1070 4950 civilium
1091 4877 1269 4948 bellorum

274 4980 436 5054 sublatus
478 4990 556 5048 erat
595 5004 771 5054 consensu
802 4981 1079 5074 suffragiorum
1128 4982 1271 5066 deinde,

275 5084 376 5178 quod
403 5106 528 5153 omnes
553 5081 762 5154 iudicabant
783 5083 956 5158 divinitus
982 5084 1063 5155 orbi
1089 5096 1268 5154 terrarum

273 5185 469 5260 salutarem
501 5185 700 5278 principem
730 5188 853 5260 datum
876 5195 971 5268 lesse.
1028 5185 1166 5258 Omnes
1195 5188 1269 5256 iam

262 5294 353 5360 'tum
387 5288 645 5360 ominabantur
668 5285 775 5362 huius
797 5290 919 5362 Caroli
943 5292 1112 5362 virtutem
1136 5302 1173 5360 et
1193 5290 1270 5360 leli·

274 5390 419 5464 citatem
442 5391 624 5483 praesidio
649 5393 807 5464 suturam
832 5394 900 5464 toti
920 5393 1110 5486 Europae;
1145 5417 1269 5466 omnes

275 5505 361 5570 vota
376 5493 568 5582 faciebant,
594 5508 635 5566 ut
649 5496 807 5587 auspicia
824 5510 940 5569 cuent
954 5499 1069 5570 lausto
1090 5511 1125 5568 et
1141 5497 1270 5570 felicia.

280 5675 283 5684 ·
368 5635 581 5704 -Secundum
601 5632 708 5720 haec,
730 5636 837 5726 legati
853 5636 964 5734 ipsius
976 5636 1100 5707 Caroli
1117 5639 1288 5730 Mogun-'

547 632 606 708 ιιι
658 631 727 705 ua
753 628 1031 705 nascamus
1056 626 1125 703 rr
1150 606 1502 703 coaonanons
1530 628 1777 702 canons.
1805 628 2041 705 causans.

2234 634 2310 708 610

1321 804 1388 873 bus
1406 815 1642 892 cognoscunt:
1669 801 1755 871 Divi
1772 804 2013 874 Maximiliani
2036 818 2225 897 nepotem,
2251 830 2311 876 cu·

1322 905 1377 975 ius
1407 904 1475 996 ipsi
1504 905 1640 996 legatos
1667 908 1839 997 agebant,
1878 907 2014 979 cunctis
2043 908 2221 1000 suffragiis
2243 907 2312 980 rite

1323 1008 1496 1090 electum,
1524 1018 1560 1076 et
1581 1010 1825 1080 renuntiatum
1844 1033 1918 1082 esse
1931 1010 2182 1081 Romanorum
2196 1007 2312 1103 lmpe·

1219 1125 1225 1141 “
1321 1122 1494 1180 ratorem.
1541 1108 1680 1181 Deinde
1697 1107 1848 1183 adhibiti
1864 1114 1902 1183 in
1917 1114 2105 1185 consilium
2124 1115 2169 1183 ab
2185 1113 2312 1184 iisdem

1321 1212 1550 1305 Principibus
1579 1215 1814 1288 consuluntur
1841 1219 1885 1286 de
1911 1219 2142 1307 gubernanda
2166 1214 2314 1308 Imperii

1323 1316 1649 1400 administratione,
1675 1321 1801 1403 donec,
1816 1322 1923 1390 rebus
1938 1321 1975 1388 in
1992 1319 2164 1412 Hispania
2182 1319 2314 1389 consti·

1322 1420 1428 1502 tutis,
1455 1417 1605 1489 Carolus
1617 1421 1655 1488 in
1669 1419 1905 1491 Germaniam
1919 1423 2069 1492 veniret.
2124 1422 2216 1493 Nam
2233 1423 2311 1513 ipso

1322 1522 1450 1613 procul
1478 1522 1624 1591 absente
1656 1523 1879 1594 alliciendum
1913 1538 2009 1609 erat,
2052 1539 2093 1594 ut
2115 1525 2311 1594 Germania

1322 1623 1517 1718 tranquilla
1548 1637 1660 1709 esset,
1695 1649 1786 1695 neve
1809 1627 1968 1697 Gallicae
1994 1628 2166 1697 factiones
2192 1641 2312 1699 motus

1321 1727 1361 1795 in
1376 1727 1571 1797 Germania
1593 1729 1800 1799 excitarent.

1425 1828 1592 1899 Delectus
1614 1843 1667 1902 est
1682 1831 1791 1923 igitur
1806 1830 2000 1902 Cnsimirus
2018 1827 2182 1900 Marcbio
2197 1832 2313 1899 Bran·

1323 1933 1599 2024 denburgensis,
1627 1934 1689 2028 qui
1709 1935 1868 2025 legiones
1884 1935 1989 2004 certis
2003 1934 2043 2011 in
2058 1933 2145 2004 locis
2161 1933 2313 2003 colloca-

1322 2048 1376 2105 tas
1399 2031 1548 2104 baberet
1570 2035 1608 2104 in
1633 2038 1839 2127 praesidiis,
1882 2050 1917 2107 et
1938 2039 2084 2107 duceret
2107 2036 2313 2120 exercitum,

1322 2138 1437 2232 siqua
1456 2139 1539 2208 belli
1553 2141 1699 2229 gerendi
1714 2141 1904 2212 necessitas
1919 2140 2103 2211 incideret.
2145 2138 2315 2211 Adiuncti

1322 2253 1406 2311 sunt
1432 2240 1614 2311 Electores
1641 2243 1748 2327 certi,
1789 2267 1944 2338 quorum
1969 2244 2119 2314 consilio
2141 2254 2313 2312 uteretur.

1322 2343 1387 2413 His
1411 2344 1517 2414 rebus
1540 2345 1762 2429 constitutis,
1802 2346 1911 2438 legati
1934 2346 2183 2428 dimittuntur,
2223 2368 2314 2440 quos

1322 2446 1543 2516 discedentes
1578 2448 1759 2537 prosecuti
1801 2462 1885 2519 sunt
1919 2449 2099 2543 principes
2131 2446 2315 2518 Electores

1322 2573 1435 2642 usqne
1450 2548 1689 2638 Mogontiam.
1740 2547 1826 2620 lnde
1843 2551 2141 2621 Francolordiam
2167 2550 2314 2634 reversi,

1322 2674 1406 2723 suos
1429 2663 1464 2720 et
1487 2650 1556 2742 ipsi
1577 2651 1713 2742 legatos
1734 2678 1815 2721 cum
1838 2654 1951 2724 literis
1976 2657 2021 2722 ad
2038 2652 2208 2724 Carolum
2232 2655 2314 2722 mit·
2430 2708 2433 2714 .

1322 2767 1416 2836 tunt,
1437 2753 1537 2824 cuius
1552 2753 1740 2845 legationis
1749 2754 1965 2840 Fridericus,
1987 2752 2314 2839 Palatinusllbeni,

1321 2856 1522 2948 principem
1549 2856 1670 2927 locum
1701 2858 1897 2929 obtinebat.
1964 2855 2103 2928 Interea
2131 2856 2314 2928 electionis

1320 2959 1441 3029 nuntii
1472 2961 1632 3050 magnis,
1670 2960 1809 3031 diurnis
1840 2962 2098 3056 nocturnisque
2124 2961 2314 3031 itineribus

1321 3062 1360 3131 in
1374 3060 1587 3154 Hispaniam
1605 3066 1844 3133 contendunt:
1871 3089 1891 3133 e
1914 3063 2044 3157 quibus
2068 3088 2162 3136 unus
2182 3062 2313 3133 eximia

1322 3164 1502 3235 celeritate
1522 3176 1683 3236 caeteros
1705 3178 1951 3251 antevertens,
1985 3190 2085 3236 nono
2109 3167 2169 3237 die
2189 3165 2314 3236 Barci·
2439 3200 2442 3207 ·

1320 3292 1408 3337 num
1426 3266 1551 3363 (vulgo
1563 3265 1810 3339 Barsellonam
1830 3270 1977 3367 vocant)
1989 3270 2173 3363 pervenit,
2200 3294 2242 3339 ex
2257 3293 2314 3356 eo,

1321 3395 1395 3465 quo
1420 3369 1678 3442 Francolordia
1702 3375 1883 3465 proiectus
1904 3386 1976 3445 est:
2008 3398 2162 3468 cumque
2178 3374 2313 3443 laetum

1321 3486 1602 3570 exoptatumque
1629 3476 1796 3546 nuntium
1822 3475 1907 3547 illue
1932 3476 2124 3559 attulisset,
2160 3501 2178 3543 a
2203 3475 2314 3565 Rege,

1321 3602 1428 3672 quem
1444 3578 1483 3648 in
1500 3578 1663 3648 cubiculo
1681 3602 1789 3650 mane
1809 3574 1926 3649 adhoc
1949 3581 2189 3673 quiescentem
2212 3578 2313 3647 inve·

1320 3680 1529 3773 nit,magno
1544 3682 1625 3750 auri
1640 3682 1801 3774 pondere
1816 3684 1971 3752 donatus
1986 3694 2050 3753 est.
2075 3679 2314 3754 NecFrideri·

1322 3809 1383 3854 cns
1391 3784 1577 3854 Palatinus
1585 3783 1733 3877 longam
1751 3786 1789 3855 in
1805 3786 1935 3855 itinere
1950 3787 2195 3856 moramlecit.
2218 3785 2317 3860 Nam.

1321 3887 1440 3980 pridie
1455 3886 1847 3960 CalendasDecembris
1862 3890 1988 3959 eodem
2005 3889 2188 3982 pervenit3
2215 3912 2313 3960 cum-

1322 4013 1392 4085 que
1417 3991 1462 4058 ad
1486 3991 1611 4058 urbem
1636 3993 1819 4062 accederet
1840 3991 2109 4076 Barsellonam,
2134 3991 2232 4075 Rex,
2253 4013 2313 4060 eo·

1322 4093 1423 4184 gnito
1449 4092 1525 4163 eius
1551 4095 1728 4180 adventu,
1759 4098 1804 4165 ad
1827 4096 1895 4164 tria
1919 4097 2032 4164 ferme
2057 4093 2226 4163 milliaria
2250 4094 2313 4162 ob-

1321 4197 1418 4270 viam
1435 4196 1468 4265 ei
1483 4198 1666 4288 processit.
1717 4196 1860 4289 Legatis
1874 4198 2028 4288 benigne
2042 4209 2078 4267 et
2091 4196 2242 4266 comiter
2252 4219 2312 4265 er-

1323 4300 1453 4391 ceptis,
1486 4298 1595 4393 inque
1619 4300 1792 4392 oppidum
1818 4300 2051 4385 introductis,
2083 4297 2313 4389 literaellegi

1323 4403 1373 4472 ab·
1384 4401 1609 4474 Electoribus
1624 4402 1779 4496 scriptae
1793 4406 2003 4475 redduntur.
2055 4401 2096 4472 ln
2112 4403 2224 4472 literis
2239 4402 2313 4492 pri·

1323 4529 1422 4574 mum
1449 4505 1568 4575 inerat
1590 4508 1888 4577 commemoratio
1908 4506 2180 4578 benevolentiae
2206 4504 2314 4573 Prin·

1323 4608 1442 4699 cipum
1459 4631 1542 4699 erga
1560 4609 1750 4692 Carolum,
1774 4623 1813 4680 et
1828 4611 1948 4682 oflicii.
1999 4609 2088 4681 Cum
2109 4623 2229 4679 autem
2243 4605 2313 4677 lm·

1322 4712 1422 4803 peria
1454 4712 1530 4779 fato
1559 4710 1750 4802 regantur,
1787 4715 1985 4782 narrabant
2017 4713 2188 4783 divinitus
2218 4708 2313 4781 banc

1323 4813 1532 4883 electionem
1567 4816 1803 4906 gubernatam
1837 4841 1936 4899 esse,
1985 4829 2026 4885 ut
2057 4815 2311 4906 suffragiorum

1323 4917 1575 5001 concordiam,
1606 4929 1643 4987 ct
1665 4917 1853 4989 universae
1874 4918 2094 4989 Germaniae
2119 4931 2202 4988 vota
2221 4939 2314 4986 con·

1322 5019 1510 5090 sentientia
1528 5023 1774 5091 ostenderent:
1808 5021 1872 5092 etsi
1891 5022 1958 5114 ipsi
1974 5023 2080 5092 etiam
2097 5020 2229 5091 iudicio
2246 5045 2313 5091 suo

1323 5126 1366 5191 de
1383 5122 1539 5206 familia,
1566 5126 1681 5217 deque
1699 5124 1809 5215 ipsius
1826 5125 1977 5220 virtute,
2002 5126 2183 5195 neminem
2207 5137 2312 5215 puta-

1321 5226 1397 5294 rint
1412 5226 1480 5317 ipsi
1496 5227 1764 5297 anteferendum
1778 5225 1898 5298 fuisse.
1949 5227 2042 5298 Huic
2060 5227 2216 5297 orationi
2232 5251 2312 5318 gra-

1322 5328 1414 5397 viter
1438 5329 1590 5420 scriptae
1614 5329 1749 5399 adiecta
1774 5341 1853 5400 erat
1874 5328 2020 5422 petitio,
2052 5343 2093 5400 ut
2116 5328 2312 5422 Imperium

1321 5431 1398 5502 sine
1418 5432 1639 5503 recusatione
1654 5429 1848 5524 acciperet,
1873 5445 1909 5503 et
1924 5434 2125 5506 constitutis
2147 5434 2253 5504 rebus
2273 5432 2313 5500 in

1321 5533 1514 5630 Hispania,
1540 5548 1697 5607 maturet
1719 5537 1788 5607 iter
1809 5537 1847 5606 in
1862 5535 2109 5609 Germaniam.
2161 5535 2312 5606 Carolus

1323 5640 1475 5730 acceptis
1493 5653 1527 5708 et
1542 5640 1642 5711 lectis
1660 5639 1793 5724 literis,
1819 5665 1899 5710 cum
1917 5641 2135 5711 existimaret
2152 5664 2189 5710 se
2209 5639 2310 5732 quasi

275 5735 328 5803 tia
342 5741 559 5822 evocantur,
586 5740 650 5833 qui
666 5763 799 5830 magno
821 5735 961 5820 bonme
982 5741 1137 5833 excepti,
1161 5755 1269 5836 atque
1322 5741 1443 5811 divina
1461 5768 1550 5842 voce
1564 5755 1666 5813 tanto
1690 5768 1864 5816 consensu
1885 5743 1996 5814 totins
2016 5744 2153 5837 patriae
2176 5739 2311 5820 vocari,

272 5861 316 5907 nr
333 5842 519 5913 comitium
535 5841 751 5927 introducti,
778 5843 909 5914 certius
929 5865 971 5912 er
995 5841 1082 5935 ipsis
1096 5843 1270 5914 Eleclofi·
1292 5807 1299 5944 Ι

1322 5846 1388 5916 etsi
1405 5846 1571 5932 videbat,
1597 5860 1731 5942 quanta
1747 5872 1869 5919 rerum
1884 5848 1999 5918 moles
2012 5846 2080 5919 sibi
2102 5843 2312 5937 imponeba-
