5534 6700
360 659 442 733 000
991 646 1350 723 ADDITAMENTA
1373 646 1442 721 Al)
1469 647 1609 723 VOLL.
1635 646 1709 721 l-
1718 649 1762 723 x.
2310 666 2398 741 ⁸10-

462 827 617 922 Reliqua
660 836 712 895 est
751 846 823 895 una
857 819 974 895 adhuc
1000 821 1155 904 utilitas,
1200 831 1350 913 propter
1401 820 1680 893 tenerrimorum
1714 823 1981 912 membrorum,
2021 852 2097 900 non
2122 826 2279 902 humana
2308 858 2390 927 ope,

361 957 470 1030 quam
494 926 837 1000 tale‘Calendarium
860 924 999 999 institui
1022 922 1061 993 in
1077 923 1204 1016 primis
1220 945 1350 993 conve·
1401 923 1462 993 sed
1485 920 1554 993 Dei
1576 920 1743 1017 solinen)
1764 928 1963 1016 praesentia
1981 930 2124 1003 servati.
2221 1012 2228 1027 ,

360 1037 427 1107 nit.
477 1032 570 1106 Nam
592 1055 673 1101 cum
697 1028 891 1123 unicuique
914 1028 953 1099 in
965 1027 1039 1097 vita
1056 1026 1169 1097 multa
1185 1024 1352 1096 accidant
1503 1022 1558 1095 Eo
1580 1025 1638 1095 die
1660 1039 1793 1098 matres
1813 1040 1957 1101 nostrae
1975 1046 2189 1126 aperpetuo
2204 1035 2402 1128 languore,¹

360 1139 543 1230 insperata
558 1145 666 1227 atque
681 1130 899 1224 improvisa,
925 1131 1056 1221 partim
1077 1128 1191 1212 laeta,
1215 1125 1348 1219 partim
1401 1150 1508 1220 quem
1524 1139 1647 1199 uterus
1663 1127 1779 1212 affert,
1804 1130 1954 1217 levatae,
1973 1146 2010 1203 et
2024 1136 2197 1207 foeliciter
2214 1138 2389 1211 eluctstse

361 1237 497 1322 tristia,
528 1237 567 1307 in
594 1235 725 1329 quibus
747 1233 817 1305 Dei
845 1233 1079 1305 certissimam
1108 1228 1348 1323 praesentiam
1401 1242 1484 1299 sunt
1505 1254 1570 1320 per
1593 1229 1839 1304 acerbissimos
1860 1235 2003 1306 dolores
2025 1250 2169 1331 partin,
2207 1241 2269 1334 qni
2294 1265 2389 1313 uon·

362 1364 487 1412 omnes
500 1337 627 1408 attenti
645 1337 895 1429 experiuntur:
932 1335 1034 1404 valde
1051 1336 1198 1425 prodest
1219 1355 1350 1423 pueros
1401 1354 1587 1425 uunquam
1619 1333 1793 1403 enitentes
1826 1348 1958 1408 matres
1987 1364 2060 1410 uua
2087 1366 2167 1412 cum
2192 1341 2389 1417 infantibus

362 1469 381 1512 a
403 1442 529 1535 primis
552 1439 674 1513 statim
696 1438 801 1510 aunis
819 1437 1000 1510 assuefieri
1019 1438 1066 1505 ad
1085 1431 1178 1505 hanc
1201 1434 1351 1524 ‹lifigen-
1401 1433 1652 1505 miserabiliter
1665 1436 1896 1527 extinguunt,
1922 1453 1958 1510 et
1972 1455 2053 1533 post
2067 1455 2210 1535 partum
2226 1445 2388 1515 foelicem

361 1547 471 1629 tiam,
497 1555 537 1613 ut
558 1555 720 1632 tempora
743 1541 889 1611 illorum
908 1537 1162 1610 beneficiorum
1178 1535 1247 1605 Dei
1269 1534 1349 1603 dili·
1401 1547 1552 1629 uterque
1572 1560 1704 1627 parens
1726 1563 1856 1625 magua
1881 1543 1925 1612 de
1956 1545 2061 1615 nobis
2090 1546 2329 1618 sollicitudine
2353 1559 2389 1621 et

363 1659 487 1741 genter
510 1646 700 1716 observent
724 1656 760 1715 et
783 1655 977 1725 annotent,
1009 1665 1051 1710 ac
1066 1640 1124 1709 vel
1138 1634 1207 1709 boc
1222 1638 1348 1709 saltem
1402 1649 1499 1708 metu
1514 1638 1695 1723 liberatus,
1721 1664 1788 1712 uos
1803 1666 1926 1715 recens
1942 1647 2055 1718 editos
2069 1647 2164 1719 uluis
2177 1649 2262 1732 suis,
2289 1674 2390 1721 oscu-

363 1750 473 1821 modo
494 1746 547 1817 illi
569 1747 811 1840 deplorandae
833 1742 1014 1816 securitati
1036 1753 1072 1813 et
1086 1739 1262 1813 oblivioni
1276 1763 1350 1808 me-
1401 1740 1444 1811 lis
1461 1754 1497 1811 et
1510 1742 1579 1832 piis
1595 1741 1687 1811 votis
1704 1742 1817 1815 laetus
1833 1749 1981 1839 excepit,
2008 1762 2043 1819 et
2060 1751 2159 1819 omni
2176 1751 2287 1821 animi
2304 1772 2389 1823 cura

363 1852 536 1937 deantur,
569 1872 661 1945 quae
684 1848 775 1920 solet
795 1846 902 1917 etiam
919 1845 1024 1917 bouis
1038 1842 1176 1939 alioqui
1193 1838 1351 1914 homiui·
1403 1866 1444 1913 ac
1459 1845 1577 1915 studio
1594 1844 1797 1935 complexus
1814 1860 1877 1920 est.

362 1956 429 2027 bus
453 1954 648 2045 obrepere,
681 1950 729 2021 ita
754 1962 795 2020 ut
816 1949 925 2043 paulo
949 1961 1050 2042 post,
1081 1971 1189 2043 quam
1221 1945 1279 2015 vel
1308 1968 1352 2015 ex
1502 1942 1558 2014 Eo
1584 1946 1642 2015 die
1664 1971 1744 2016 cum
1769 1949 1846 2016 nati
1869 1974 2024 2022 essemus
2045 1953 2083 2021 in
2099 1966 2201 2023 reatu
2219 1953 2293 2023 irae
2308 1954 2391 2043 Dei,

362 2056 522 2149 periculo
547 2054 668 2149 aliquo
693 2051 808 2123 atroci
831 2050 965 2144 erepti,
995 2051 1051 2121 vel
1074 2049 1265 2120 commodo
1288 2046 1351 2115 ali·
1402 2059 1438 2115 et
1461 2047 1598 2117 aeterni
1620 2049 1738 2133 exitii,
1774 2064 1963 2142 parentum
1990 2056 2048 2147 pia
2074 2055 2243 2127 sedulitas
2264 2056 2393 2126 detulit

363 2184 436 2254 quo
451 2158 633 2248 insperato
653 2154 825 2226 divinitus
846 2150 997 2250 aucti¹⁰)
1018 2165 1122 2237 suut,
1148 2175 1293 2221 omnem
1309 2148 1352 2217 il·
1402 2173 1469 2219 nos
1485 2149 1640 2241 primum
1655 2150 1821 2242 precibus
1836 2155 2043 2228 ardentibus
2063 2160 2107 2227 ad
2126 2158 2243 2250 ipsum
2261 2156 2392 2243 Deum,

363 2263 481 2331 lorum
509 2260 689 2328 bonorum
721 2260 934 2327 memoriam
967 2256 1046 2327 aliis
1075 2252 1352 2349 cogitationibus
1403 2251 1531 2321 deinde
1553 2252 1660 2322 etiam
1677 2255 1723 2323 ad
1738 2254 1974 2328 ministerium
1990 2259 2121 2353 ipsius,
2153 2258 2215 2330 ubi
2236 2283 2393 2331 ceremo-

365 2362 480 2435 ercuti
491 2361 559 2430 sibi
576 2372 639 2431 aut
655 2359 760 2431 obrui
774 2360 969 2451 patiantur.
1402 2354 1463 2423 nia
1481 2352 1715 2453 Baptismi¹-')
1742 2381 1763 2424 a
1781 2352 1924 2430 Christo
1946 2360 2106 2433 instituta
2130 2362 2255 2434 inserti
2270 2360 2391 2433 Eccle-

466 2463 560 2533 Huic
597 2462 834 2554 negligentiae
876 2474 912 2530 et
949 2461 1134 2530 affectatae
1177 2452 1352 2527 oblivioni
1403 2457 1494 2541 siae,
1520 2469 1556 2527 et
1572 2458 1773 2550 regenerati
1789 2485 1931 2547 sumus,
1957 2476 1993 2533 et
2013 2464 2193 2536 consecuti
2213 2466 2392 2537 remissio·

366 2567 533 2637 omuibus
548 2565 616 2635 viis
631 2567 889 2635 occrrrreudum
906 2576 976 2647 est,
1005 2587 1084 2631 cum
1101 2559 1275 2651 flagitiosa
1294 2554 1352 2641 sit,
1404 2584 1486 2628 uem
1510 2573 1759 2650 peccatorum,
1792 2562 1876 2632 facti
1902 2590 2024 2637 eunius
2046 2567 2109 2637 filii
2124 2564 2212 2651 Dei,
2243 2568 2333 2638 socii
2358 2579 2394 2637 et

366 2682 400 2738 et
423 2669 568 2759 indigna
588 2666 657 2757 piis
678 2666 827 2750 animis,
854 2690 944 2761 quos
961 2663 1082 2735 omnia
1100 2660 1170 2731 Dei
1187 2683 1294 2753 opera
1313 2659 1351 2726 iu
1403 2658 1576 2733 haeredes
1591 2662 1728 2733 aeterni
1744 2665 1858 2755 regni,
1883 2681 2051 2738 aeternae
2066 2668 2220 2741 iustitiae
2234 2682 2269 2740 et
2285 2669 2393 2741 vitae.

366 2783 558 2863 conspectu
584 2765 738 2851 habere,
772 2782 809 2839 et
828 2780 1001 2861 perpetua
1025 2762 1241 2857 gratitudine
1264 2762 1353 2830 cele·
1403 2761 1456 2833 lta
1481 2766 1606 2834 eodem
1630 2763 1688 2835 die
1712 2764 1820 2838 simul
1844 2771 1881 2839 in
1903 2765 1997 2841 hauc
2019 2771 2130 2841 vitam
2156 2772 2393 2865 temporalem

364 2875 470 2943 brace
486 2875 606 2956 decet,
628 2894 702 2940 non
719 2870 800 2941 ideo
815 2882 976 2952 tantum,
1002 2881 1043 2937 ut
1056 2866 1173 2939 Deum
1189 2877 1352 2935 autorem
1404 2866 1554 2958 ingressi
1570 2893 1713 2950 sumus,
1738 2881 1774 2938 et
1790 2870 1939 2944 alteram
1958 2874 2166 2946 duraturam
2186 2875 2226 2944 in
2243 2873 2395 2945 aeterni·

365 2988 549 3044 tantorum
573 2975 753 3042 bonorum
779 2985 815 3041 et
836 2971 1111 3055 liberationum,
1144 2966 1265 3049 debito
1288 2962 1353 3036 bo·
1404 2980 1514 3039 tatem
1532 2966 1793 3043 inchoavimus.

365 3101 454 3147 nore
482 3073 711 3167 gratitudinis
742 3074 881 3159 colant,
920 3073 1113 3144 sedetiam
1135 3083 1176 3142 ut
1197 3094 1234 3140 se
1256 3068 1354 3161 ipsos
1508 3071 1630 3164 Quare
1660 3072 1912 3164 aequissimum
1935 3090 2007 3163 est,
2044 3103 2111 3149 nos
2134 3073 2265 3149 frocum
2288 3080 2395 3148 bene·

366 3179 516 3251 subinde
538 3177 752 3258 exuscitent,
781 3176 820 3245 iu
835 3176 942 3247 rebus
962 3172 1126 3247 secundis
1142 3171 1287 3269 quidem
1307 3170 1354 3240 ad
1404 3171 1567 3244 fitiorum
1591 3174 1803 3245 memoriam
1828 3202 1908 3249 cum
1935 3178 2023 3252 alias
2045 3203 2171 3273 saepe,
2200 3193 2276 3251 tum
2292 3204 2396 3272 prae-

366 3282 531 3352 timorem
547 3276 617 3347 Dei
631 3290 667 3347 et
682 3280 728 3350 ad
741 3278 975 3364 modestiam,
1004 3301 1049 3347 ne
1065 3298 1131 3369 per
1145 3274 1354 3368 impruden·
1406 3274 1508 3370 cipue
1522 3276 1579 3347 die
1596 3276 1709 3347 natali
1729 3289 1854 3351 nostro
1877 3304 2073 3367 renovare,
2103 3295 2139 3354 et
2153 3278 2232 3353 Deo
2254 3280 2394 3353 ardenti

367 3385 453 3456 tiam
478 3395 540 3454 aut
562 3380 670 3452 aliam
694 3381 835 3471 culpam
857 3404 958 3450 suam
975 3378 1194 3452 calamitates
1212 3377 1280 3449 sibi
1298 3400 1355 3446 ac·
1406 3392 1550 3473 pectore
1571 3381 1703 3472 gratias
1723 3406 1848 3474 agere,
1882 3407 1957 3454 non
1983 3386 2092 3456 modo
2113 3409 2182 3476 pro
2205 3384 2300 3455 illius
2322 3383 2396 3453 diei

367 3498 527 3569 cersant,
552 3483 684 3556 similes
706 3482 795 3567 illis,
822 3507 865 3552 ex
887 3483 1016 3577 quibus
1037 3506 1073 3554 se
1091 3480 1286 3574 aliquando
1302 3477 1356 3547 di·
1406 3483 1604 3567 beneficiis,
1636 3507 1760 3554 verum
1786 3484 1893 3556 etiam
1919 3509 1986 3579 pro
2008 3485 2147 3579 reliqua
2164 3486 2301 3556 infinita
2319 3486 2395 3558 eius

367 3589 501 3659 vinitas
531 3598 705 3674 extractos
734 3610 807 3656 esse
838 3586 1093 3664 recordantur;
1133 3582 1170 3650 in
1197 3579 1355 3652 adversis
1406 3584 1585 3668 bonitate,
1618 3609 1689 3680 qua
1711 3609 1778 3656 uos
1800 3588 1845 3656 ab
1869 3587 1931 3658 illo
1954 3588 2012 3660 die
2037 3611 2197 3679 egressus
2218 3589 2334 3660 nostri
2352 3612 2395 3658 es

367 3716 454 3764 vero
479 3691 602 3771 rebus,
636 3691 682 3759 ad
706 3686 998 3778 implorationem
1021 3699 1057 3756 et
1073 3684 1354 3776 expectationem
1407 3699 1510 3757 utero
1532 3698 1718 3772 materno,
1747 3689 1793 3757 ad
1817 3704 2040 3782 praesentem
2060 3715 2172 3786 usque
2189 3685 2317 3760 boram
2335 3690 2396 3759 be-

368 3794 511 3864 divinae
537 3792 616 3884 opis
637 3815 678 3860 ac
695 3788 938 3873 liberationis,
964 3813 1072 3883 quam
1091 3800 1194 3856 antea
1211 3807 1356 3879 quoque
1408 3787 1515 3880 uigue
1538 3789 1715 3874 defendit,
1741 3789 1851 3876 aluit,
1876 3793 1999 3864 docuit
2008 3791 2076 3890 ¹⁸),
2102 3805 2139 3863 et
2159 3792 2396 3865 conservavit.

368 3899 406 3966 in
438 3895 545 3966 rebus
576 3893 726 3966 fortasse
760 3891 873 3983 magis
900 3890 1074 3962 intricatis
1100 3902 1135 3960 et
1161 3886 1357 3982 desperatis
1408 3887 1519 3960 Decet
1544 3889 1651 3960 etiam
1675 3916 1742 3964 uos
1761 3896 1886 3966 eodem
1907 3896 1966 3967 die
1977 3895 2094 3968 Deum
2112 3920 2236 3981 orare,
2260 3894 2396 3965 utreli-
2513 3943 2521 3956 .

368 4012 451 4071 sunt
470 3996 618 4086 experti.
1409 4018 1519 4088 quum
1548 3993 1642 4064 vitae
1662 4006 1806 4066 nostrae
1829 3997 2045 4070 curriculum
2069 3999 2263 4068 clementer
2283 4008 2396 4088 regat,

470 4098 593 4192 Quare
615 4098 753 4168 dabunt
776 4120 923 4192 operam
944 4095 1089 4188 ingenui
1109 4091 1233 4185 pueri,
1261 4102 1358 4161 utet
1408 4119 1545 4190 nosque
1576 4096 1741 4181 adiuvet,
1780 4110 1821 4168 ut
1848 4101 2026 4193 possimus
2047 4124 2121 4172 esse
2143 4092 2255 4193 σκεύη
2276 4096 2396 4179 ile‘ovc

370 4202 459 4274 alios
481 4200 556 4272 dies
574 4200 763 4292 diligenter
777 4200 814 4269 in
830 4225 895 4270 sno
911 4197 1124 4270 Calendario
1141 4194 1357 4279 adscribant,
1407 4196 1575 4270 salutaria
1599 4199 1704 4271 nobis
1724 4197 1811 4291 ipsis
1833 4215 1869 4273 et
1882 4201 2081 4285 Ecclesiae,
2108 4225 2149 4269 ac
2165 4201 2203 4268 in
2217 4213 2316 4269 tanta
2332 4222 2397 4270 no-

370 4303 499 4399 quibus
519 4327 557 4376 se
582 4316 645 4372 aut
667 4302 705 4371 in
729 4326 860 4392 magno
883 4302 978 4379 vitae
994 4299 1220 4382 discrimine,
1247 4295 1357 4390 apri·
1407 4311 1481 4372 stra
1503 4300 1744 4371 imbecillitate
1764 4314 1907 4374 tueatur
1928 4318 1964 4378 et
1982 4313 2154 4375 sustentet
2167 4326 2235 4373 nos
2250 4304 2295 4370 ad
2311 4300 2398 4370 alte·

370 4407 439 4475 mis
463 4404 634 4476 infantiae
656 4405 758 4476 aunis
779 4403 950 4475 divinitus
973 4415 1132 4476 servatos
1155 4425 1174 4469 a
1200 4398 1355 4494 parenti·
1408 4426 1488 4473 rum
1521 4428 1634 4497 usque
1664 4403 1876 4490 transitum,
1915 4431 1987 4502 quo
2011 4430 2134 4477 rursus
2158 4429 2200 4474 ex
2219 4399 2288 4474 bac
2310 4402 2398 4487 vita,

369 4510 436 4579 bus
465 4504 537 4579 suis
566 4508 776 4592 audierunt,
814 4520 876 4577 aut
904 4506 1027 4601 aliquo
1052 4505 1236 4596 insperato
1257 4503 1356 4572 bono
1407 4517 1580 4600 tanquam
1603 4531 1645 4576 ex
1670 4505 1752 4574 alvo
1776 4521 1939 4580 materna
1965 4519 2000 4579 et
2019 4506 2221 4578 tristissimo
2242 4527 2395 4590 carcere,

370 4612 570 4682 cumulatos
600 4635 674 4682 esse
702 4610 962 4694 meminerunt,
1001 4620 1035 4677 et
1063 4605 1248 4700 inprimis
1273 4629 1356 4673 eum
1408 4607 1445 4676 in
1469 4607 1586 4678 sinum
1611 4622 1647 4678 et
1667 4609 1890 4701 complexum
1904 4609 1992 4695 Dei,
2019 4624 2054 4679 et
2078 4622 2258 4678 aeternam
2278 4608 2394 4678 lucem

370 4713 465 4782 diem
490 4712 679 4804 diligenter
702 4738 745 4783 ex
768 4711 974 4803 parentibus
995 4709 1216 4782 sciscitentur
1241 4719 1277 4776 et
1293 4730 1357 4774 no-
1408 4710 1575 4780 acvitam
1594 4712 1807 4797 educemur,
1833 4727 1868 4785 et
1880 4727 2021 4807 petere,
2047 4725 2105 4796 ut,
2129 4711 2221 4781 sicut
2237 4708 2340 4780 nobis
2356 4709 2395 4778 in

370 4829 466 4897 tent,
492 4840 564 4909 quo
590 4829 673 4885 sunt
694 4841 736 4885 ex
756 4828 859 4885 utero
883 4826 1046 4884 materno
1071 4812 1108 4880 in
1132 4807 1225 4880 hanc
1241 4808 1355 4878 lucem
1408 4811 1527 4904 primo
1550 4813 1646 4882 exitu
1668 4826 1793 4884 nostro
1816 4843 1859 4887 ex
1881 4817 2006 4887 matris
2028 4827 2153 4898 utero,
2186 4837 2250 4882 ceu
2273 4811 2395 4883 sedula

370 4918 546 5011 producti.
606 4918 698 4990 Nam
724 4943 802 4988 cum
826 4913 885 4986 bic
907 4915 982 4987 dies
1006 4915 1110 4985 nobis
1131 4935 1355 4985 summorum
1408 4927 1445 4984 et
1466 4913 1631 4986 salutaris
1654 4916 1826 4990 obstetrix
1848 4920 1980 5004 adfuit,
2012 4917 2061 4986 ita
2086 4914 2230 4985 alterius
2251 4937 2396 5008 quoque

369 5020 623 5090 beneficiorum
641 5020 710 5090 Dei
731 5019 943 5090 memoriam
968 5020 1006 5087 iu
1023 5016 1183 5088 animum
1200 5028 1357 5098 revocet,
1409 5041 1567 5109 egressus
1595 5017 1710 5088 nostri
1731 5043 1774 5089 cx
1795 5015 1863 5091 bac
1885 5022 1958 5092 vita
1982 5019 2224 5091 difficultatem
2246 5030 2281 5087 et
2303 5013 2396 5112 peri-

369 5148 498 5194 sumuo
523 5123 641 5193 studio
664 5135 716 5193 est
740 5123 1003 5206 observandus,
1044 5132 1079 5189 et
1100 5131 1199 5210 grata
1226 5142 1267 5186 ac
1296 5115 1355 5210 pia
1409 5120 1507 5204 cula,
1532 5144 1595 5189 sua
1617 5123 1818 5212 praesentia
1844 5137 1880 5193 et
1902 5123 2035 5195 auxilio
2052 5122 2243 5192 clementer
2258 5119 2397 5212 mitiget

369 5225 502 5296 laetitia
519 5225 714 5320 quotannis
728 5226 971 5297 celebrandus.
1409 5235 1445 5292 et
1470 5221 1653 5314 gubernet.

470 5328 525 5398 Eo
560 5328 656 5397 enim
685 5327 742 5397 die
768 5351 811 5396 ex
838 5329 996 5399 tristibus
1019 5323 1175 5396 tenebris
1201 5320 1356 5396 materni
1511 5321 1580 5394 Sed
1611 5324 1720 5394 nimis
1752 5326 1814 5396 diu
1845 5327 2005 5398 fortassis
2032 5325 2175 5396 detineo
2195 5319 2264 5393 hac
2288 5323 2393 5416 longa

370 5427 477 5514 uteri,
502 5444 674 5524 tanquam
695 5431 843 5501 exduro
859 5454 1010 5513 carcere,
1035 5423 1182 5498 inbanc
1198 5425 1355 5518 amplam
1409 5425 1752 5496 commemoratione
1773 5426 1969 5498 utilitatum
1992 5453 2071 5513 eos,
2104 5426 2166 5524 qui
2192 5428 2305 5520 ipsam
2328 5423 2397 5494 Ca-'

370 5533 489 5603 sedem
507 5534 686 5624 perfusam
703 5530 846 5602 coelesti
862 5532 958 5617 luce,
983 5556 1104 5602 sumus
1128 5527 1295 5610 extracti,
1322 5538 1358 5595 et

371 5636 408 5703 in
431 5634 493 5704 illo
520 5635 675 5706 transitu
696 5633 927 5716 difficillimo,
967 5645 1002 5701 et
1024 5635 1113 5702 dura
1143 5630 1356 5701 tractatione
1444 5693 1614 5757 fimum]
1632 5693 1797 5759 110ωό
1822 5692 2021 5758 molum

370 5793 578 5810 ——-
1444 5778 1494 5839 ss)
1511 5778 1661 5843 reprom]
1679 5777 1721 5828 uc
1736 5778 1787 5830 ss.
1802 5777 1847 5841 s.;
1869 5779 1905 5828 so
1920 5777 1971 5829 se
1985 5778 2010 5830 ι.
2028 5778 2116 5830 sous

407 5868 454 5937 1⁰)
473 5870 561 5934 sueti]
580 5867 624 5922 sle
639 5869 749 5936 ΕΜ.)
771 5869 823 5923 ld.
836 5870 861 5922 l.
876 5866 970 5920 flesti
1444 5864 1494 5927 ¹8)
1511 5862 1638 5931 παύῃ]
1660 5863 1701 5915 ste
1716 5862 1824 5929 ΕΜ
1849 5861 1938 5914 m.
1953 5857 2085 5923 umere,
