5534 6700
318 608 402 687 ω
500 710 503 715 ¹
590 606 650 685 111.
701 606 768 681 DE
792 604 1069 685 ElaEC'l'IONE
1093 606 1160 682 ΕΤ
1185 606 1541 683 CORONATIONE
1565 608 1747 713 CARGLl
1769 610 1815 687 V.
1841 611 2081 690 malms,
2277 614 2362 695 Μ.

317 783 374 857 bis
388 804 535 879 qnoque
549 780 773 875 diligentiam
788 793 826 859 et
838 782 944 851 fidem
957 775 1212 873 praestandam
1225 803 1331 865 esse„
1364 779 1473 870 longa
1506 779 1772 872 disputatione,
1812 806 2023 881 quanquam
2056 785 2165 858 etiam
2196 788 2227 860 si
2256 791 2360 862 natio

317 898 380 971 ut,
409 897 586 981 quantum
610 907 632 954 a
658 885 765 957 nobis
784 883 970 978 provideri
991 895 1128 976 potest,
1157 882 1314 955 maxime
1365 877 1457 952 nihil
1488 881 1702 976 impediret,
1742 885 1985 960 dissuaderem
2015 884 2112 960 hanc
2135 890 2359 967 electionem.

317 986 498 1060 idoneum
514 988 708 1080 eligamus,
745 1010 817 1083 qua
839 986 880 1056 in
902 1009 943 1058 re
963 986 1122 1080 primum
1146 981 1313 1058 habenda
1364 984 1529 1056 Primum
1564 986 1662 1057 enim
1694 987 1734 1058 in
1759 989 1995 1063 Germaniam
2032 994 2262 1066 adducendus
2290 994 2361 1067 erlt

319 1104 373 1164 est
392 1090 487 1161 ratio
509 1090 629 1183 legum
652 1101 881 1175 nostrarum,
914 1101 951 1160 et
970 1087 1218 1162 iurisiurandi.
1266 1087 1315 1161 Et
1364 1087 1503 1160 Gallus.
1561 1088 1748 1183 Quantum
1775 1116 1817 1164 aa
1844 1094 1883 1164 in
1914 1118 1954 1165 re
1978 1094 2130 1188 periculi
2154 1096 2243 1182 erit,
2277 1121 2359 1170 cum

319 1194 493 1291 quoniam
509 1188 569 1263 hic
585 1216 795 1286 congressus
808 1193 993 1266 institutus
1009 1205 1074 1277 est,
1096 1215 1173 1263 non
1186 1203 1229 1265 ut
1242 1192 1314 1264 sul·
1365 1191 1539 1262 exercitus
1559 1193 1771 1285 peregrinus
1790 1194 2026 1270 distribuetur
2052 1196 2091 1268 in
2113 1198 2221 1270 urbes
2242 1195 2361 1293 Impe-

316 1295 432 1389 fragia
455 1297 634 1380 seramus,
666 1299 729 1367 sed
750 1309 793 1367 ut
806 1296 919 1367 libere
935 1294 1205 1390 colloquamur,
1230 1318 1312 1367 eum
1363 1293 1427 1362 rii!
1478 1294 1538 1363 An
1561 1296 1790 1388 superbiam,
1823 1310 1860 1370 et
1877 1299 2045 1372 libidines
2067 1301 2230 1398 equitnm
2246 1301 2359 1374 Galli·

318 1402 364 1471 de
382 1399 553 1471 universa
573 1399 776 1491 republica,
801 1411 879 1470 tom
895 1398 1147 1470 de'electione:
1181 1396 1313 1482 dicam,
1364 1418 1490 1468 corum
1509 1397 1671 1470 civitates
1684 1400 1824 1472 ferent?
1875 1401 1946 1474 Sed
1960 1404 2058 1475 aliud
2075 1405 2261 1499 impendet
2278 1428 2360 1498 gra·

318 1501 406 1599 qnid
422 1497 512 1593 mihi
528 1501 685 1572 maxime
699 1503 866 1572 videatur
880 1526 901 1572 e
916 1500 1100 1594 republica
1115 1524 1203 1573 esse.
1234 1498 1313 1572 Etsi
1364 1498 1444 1571 vius
1466 1500 1617 1573 malum.
1671 1500 1800 1573 Veniet
1821 1504 1989 1579 inimicus
2008 1506 2163 1594 Carolo,
2190 1508 2290 1603 quod
2310 1532 2357 1581 ne

318 1617 440 1677 autem
469 1603 621 1675 mirifice
649 1626 765 1698 angor
793 1604 917 1675 animo
949 1606 995 1675 de
1017 1616 1149 1675 eventu
1171 1602 1313 1674 electio·
1364 1596 1422 1672 cui
1450 1602 1601 1674 dubium
1635 1602 1702 1688 sit,
1739 1605 1813 1675 iarn
1845 1608 1979 1680 bellum
2013 1606 2266 1682 denuntiatum
2293 1622 2358 1699 est,

317 1707 393 1779 nis:
439 1720 563 1778 tamen
601 1702 690 1778 baec
727 1731 787 1780 res
819 1702 988 1778 nonnihil
1020 1707 1117 1777 levat
1148 1706 1311 1778 animum
1364 1703 1513 1801 antiqua
1555 1707 1700 1776 loedera
1742 1707 2044 1802 Burgundionum
2086 1726 2122 1784 et
2165 1712 2356 1786 Gallorum

318 1833 439 1881 meum
458 1832 565 1895 cura,
596 1812 695 1905 qood
715 1822 820 1881 antea
843 1809 995 1904 polliciti
1015 1809 1117 1895 estis,
1151 1833 1216 1880 vos
1235 1832 1312 1879 non
1363 1807 1522 1881 rescissa.
1572 1808 1714 1880 Bellum
1740 1811 1847 1883 ctiam
1865 1812 2020 1908 Neapoli
2036 1815 2169 1886 inferre
2185 1815 2355 1889 decrevit.

320 1911 573 1985 commissuros
593 1935 690 1998 esse,
717 1926 759 1984 ut
771 1912 941 2006 suffragia
957 1912 1180 1984 dissentiant.
1231 1909 1313 1982 Dis·
1362 1907 1488 2006 ltaque
1503 1935 1584 1983 cnm
1606 1915 1857 1986 detrectabunt
1870 1915 2062 2010 imperium
2079 1918 2268 1990 Gallorum
2283 1916 2358 1990 Au-

318 2017 455 2109 putabo
478 2015 588 2107 igitur
611 2014 780 2099 liberius,
805 2039 961 2110 vosque,
986 2028 1028 2086 ut
1049 2015 1145 2085 idem
1160 2012 1313 2100 faciatis,
1363 2013 1485 2084 striari
1509 2025 1543 2084 et
1557 2013 1710 2107 Belgae,
1736 2029 1772 2087 et
1793 2013 1979 2091 habebunt
1999 2021 2061 2090 alii
2084 2022 2239 2093 aliorum
2257 2022 2356 2114 prin·

319 2114 506 2189 adhortor.
557 2116 699 2189 Deinde
714 2119 852 2191 collatis
870 2117 1121 2211 opinionibus,
1146 2116 1223 2188 sine
1238 2115 1313 2210 pri·
1364 2115 1484 2208 cipum
1519 2118 1637 2188 studia
1671 2130 1780 2213 atque
1811 2122 1959 2192 auxilia:
1998 2121 2165 2196 videbitis
2192 2146 2356 2195 arsuram

318 2221 410 2316 vatis
428 2220 630 2307 affectibus,
663 2234 705 2292 ut
724 2224 826 2292 deret
848 2221 1048 2315 principes,
1079 2244 1236 2315 quorum
1257 2243 1313 2291 sa-
1364 2219 1461 2287 civili
1485 2218 1580 2290 bello
1603 2220 1809 2294 universam
1832 2224 2079 2298 Germaniam.
2129 2226 2248 2296 Porro
2274 2248 2355 2297 cum

319 2323 475 2415 pientiae
499 2336 535 2393 et
557 2323 684 2394 virtuti
704 2347 762 2395 res
778 2325 940 2395 omnium
956 2324 1113 2393 maxima
1130 2346 1313 2392 commen·
1364 2321 1434 2389 alia
1465 2323 1571 2394 nobis
1601 2324 1852 2418 prospicienda
1883 2325 1995 2400 sunta
2023 2342 2101 2400 tum
2130 2324 2202 2399 hoc
2222 2342 2355 2401 natura

320 2427 403 2495 data
426 2437 497 2508 est,
521 2449 632 2494 unam
654 2426 867 2496 sententiam
889 2426 1080 2517 eligemus,
1106 2449 1199 2519 quae
1215 2424 1313 2494 ride-
1363 2422 1523 2515 primum
1549 2437 1620 2508 est,
1656 2451 1703 2497 ne
1733 2441 1858 2500 nostra
1885 2431 2010 2502 electio
2032 2432 2136 2503 civile
2157 2431 2293 2502 bellom
2316 2432 2356 2501 in

320 2528 419 2598 bitur
430 2526 619 2599 utilissima
637 2528 827 2599 universae
841 2528 1060 2620 reipublicae
1075 2522 1312 2598 Christianae.
1365 2525 1561 2596 Germania
1584 2531 1767 2602 accendat.
1819 2529 1895 2602 Iam
1916 2534 1947 2606 si
1964 2534 2109 2607 Gallum
2132 2534 2356 2627 elegerimus,

320 2629 496 2701 Existimo
522 2654 587 2702 vos
614 2654 740 2702 omnes
771 2633 816 2701 de
840 2631 956 2702 tribus
980 2629 1166 2702 sententiis
1192 2628 1313 2723 dispo·
1365 2628 1548 2720 oportebit
1565 2654 1632 2701 nos
1649 2632 1818 2724 suffragia
1834 2648 1957 2707 nostra
1974 2638 2080 2709 tueri.
2132 2637 2205 2707 Ubi
2223 2639 2254 2709 si
2267 2636 2356 2707 inci-

319 2745 413 2802 tare:
441 2754 488 2800 an
503 2756 567 2802 rex
582 2733 721 2804 Galliae
735 2732 781 2804 sit
796 2735 843 2803 ad
857 2730 1052 2826 Imperium
1068 2734 1313 2829 accersendus,
1363 2731 1426 2800 det
1438 2730 1616 2803 discordia
1633 2756 1714 2804 eum
1728 2733 1948 2824 Austriacis,
1971 2762 2059 2808 num
2077 2763 2177 2809 arma
2191 2762 2356 2830 geremus

320 2847 383 2905 aut
402 2832 554 2905 Carolus
576 2833 654 2905 Pcer
674 2834 889 2926 Hispaniam
932 2860 980 2904 an
1003 2858 1090 2905 vero
1114 2835 1225 2906 satius
1243 2834 1312 2919 ¹sit,
1364 2834 1411 2902 ad
1428 2834 1704 2927 opprimendam
1720 2840 1869 2909 domum
1886 2839 2079 2912 Austriae?
2122 2840 2356 2914 Necnosve-

320 2937 477 3032 aliquem
507 2936 638 3029 eligere
661 2961 704 3007 ex
727 2938 876 3009 caeteris
898 2938 1117 3008 Germaniae
1140 2936 1312 3031 principi·
1363 2948 1422 3007 tus
1449 2937 1695 3023 necessitudo,
1730 2964 1797 3010 nec
1823 2942 2007 3035 sanguinis
2031 2942 2257 3028 coniunctio,
2288 2966 2357 3013 nec

319 3042 403 3125 bus,
436 3039 499 3134 qni
520 3040 653 3111 virtute
675 3052 711 3111 et
734 3041 895 3132 potentia
917 3040 997 3111 aliis
1021 3041 1234 3111 antecellere
1259 3038 1313 3110 vi·
1362 3038 1493 3109 merita
1520 3053 1556 3110 et
1584 3042 1755 3115 nobilitas
1782 3045 1912 3118 domus
1935 3045 2164 3132 Austriacae,
2199 3046 2355 3140 deniqne

211 3225 213 3229 ¹
319 3146 458 3215 dea'tur.
499 3140 554 3213 Dc
571 3138 628 3215 his
643 3143 811 3215 omnibus
825 3167 1003 3236 exponam
1018 3143 1178 3215 breviter
1193 3166 1311 3213 meam
1362 3164 1440 3211 uon
1456 3140 1696 3214 Maximiliani
1717 3169 1860 3233 manes,
1886 3160 2025 3220 atanto
2046 3150 2178 3221 scelere
2199 3150 2357 3219 deterre·

320 3246 543 3341 opinionem.
1362 3242 1478 3316 bunt?
1533 3244 1674 3318 Deinde
1703 3251 1883 3342 oppressis
1900 3250 2118 3338 Austriacis,
2150 3275 2198 3321 an
2220 3249 2356 3344 putatis

422 3348 479 3420 De
492 3350 599 3421 Gallo
622 3346 781 3419 arbitror
801 3372 869 3421 nos
889 3346 1059 3442 impediri
1080 3347 1213 3422 nostris
1226 3350 1313 3442 legi-
1362 3348 1565 3420 libertatem
1581 3352 1729 3424 caeteris
1745 3354 1967 3449 principibus
1989 3356 2027 3427 in
2046 3369 2126 3427 tuto
2149 3353 2254 3426 lore?
2304 3353 2356 3425 Ut

319 3456 407 3538 bus,
433 3465 470 3524 et
489 3453 736 3524 iureiurando.
786 3449 852 3524 Est
874 3451 970 3522 enim
990 3451 1120 3524 diserte
1140 3453 1313 3525 constitu·
1363 3451 1613 3523 Mediolanum
1637 3479 1713 3526 non
1735 3457 1862 3528 reddet
1881 3483 2042 3552 unquam
2058 3457 2268 3542 Germanis,
2292 3456 2356 3542 ita,

320 3571 416 3641 tum,
448 3581 495 3628 ne
517 3569 661 3641 extero,
692 3557 755 3629 sed
777 3554 994 3628 Germanico
1020 3555 1176 3649 principi
1198 3556 1312 3649 impe·
1363 3554 1426 3625 ubi
1440 3556 1594 3647 poterit,
1619 3557 1807 3628 Gallorum
1827 3561 2024 3651 potentiam
2045 3561 2199 3653 augebit.

319 3661 414 3731 rium
448 3660 758 3743 commendemus,
791 3682 837 3727 ne
869 3654 1105 3730 hortantum
1133 3662 1239 3731 decus
1265 3661 1312 3730 ad
1466 3653 1567 3729 Nihil
1595 3683 1654 3729 me
1685 3657 1757 3730 illa'
1779 3663 1967 3754 magnilica
1998 3665 2174 3755 promissa
2195 3673 2355 3746 movent,

321 3777 458 3837 exteras
478 3764 644 3835 nationes
668 3762 925 3845 transferatur,
955 3775 991 3832 et
1004 3785 1080 3832 non
1097 3761 1313 3834 modoGer-
1364 3782 1457 3855 quae
1473 3761 1634 3834 audistis.
1675 3762 1758 3835 Non
1774 3777 1900 3856 pacta,
1925 3790 2001 3837 non
2016 3767 2110 3860 leges
2126 3767 2208 3859 plus
2222 3765 2355 3848 valent,

320 3868 442 3938 mania
465 3868 586 3938 veniat
611 3866 651 3936 in
671 3866 899 3949 servitutem,
927 3866 990 3935 sed
1014 3864 1122 3935 etiar'n
1143 3864 1183 3934 in
1197 3863 1312 3950 ltalia,
1364 3885 1473 3956 quam
1490 3863 1691 3949 iracundia,
1715 3868 1894 3961 superbia,
1918 3869 2069 3941 ambitio
2083 3867 2240 3940 victoris.
2280 3867 2355 3939 Sci·

322 3983 384 4042 aut
397 3982 494 4043 sta-tu
509 3969 707 4054 Ecclesiae,
732 3968 886 4039 mutatio
900 3979 1082 4062 sequatur.
1134 3967 1209 4041 Nec
1224 3991 1311 4037 vero
1363 3990 1443 4036 mus
1457 3966 1601 4038 Gallum
1622 3968 1661 4037 in
1674 3970 1811 4061 patria,
1837 3995 1946 4065 quam
1962 3985 2093 4044 natura
2111 3995 2233 4041 amare
2249 3971 2354 4040 debe-

321 4073 470 4146 dubium
505 4088 577 4158 est,
617 4073 753 4164 Regem
780 4071 958 4144 Gallicum
984 4094 1059 4143 esse
1080 4070 1311 4165 peregrinum
1362 4070 1436 4152 bat,
1463 4072 1637 4163 quosdam
1656 4071 1728 4141 iam
1745 4073 1967 4166 principatus
1985 4075 2157 4168 rapuisse,
2182 4073 2354 4167 brevique

321 4178 541 4273 principem,
566 4188 602 4246 et
624 4201 668 4246 eo
691 4188 860 4269 appetere
881 4171 951 4245 hoc
970 4174 1173 4267 fastigium,
1205 4187 1247 4245 ut
1264 4176 1311 4244 ad
1363 4173 1527 4241 orbatam
1543 4174 1710 4247 videbitis
1724 4175 1946 4268 principibus
1962 4178 2167 4247 universam
2185 4174 2354 4246 Galliam.

320 4305 403 4355 suos
426 4281 641 4365 transierat,
665 4278 757 4351 sicut
777 4279 874 4349 idem
899 4277 1055 4350 maiores
1075 4276 1186 4371 ipsius
1205 4301 1311 4372 saepe
1361 4272 1427 4346 Est
1442 4276 1592 4347 omnino
1610 4277 1735 4348 Gallus
1751 4279 1887 4351 excelso
1912 4277 2036 4349 animo
2059 4278 2262 4370 praeditus;
2291 4279 2354 4348 sed
2488 4333 2495 4348 .

322 4383 430 4457 armis
445 4386 543 4457 adse
558 4378 742 4454 retrahere
759 4382 987 4454 conatisunt.
1027 4381 1101 4453 Nec
1119 4380 1197 4454 sine
1213 4405 1312 4451 acer·
1361 4377 1470 4450 nimis
1487 4379 1638 4474 cupidus
1655 4375 1901 4453 Monarchiae.
1953 4382 2029 4454 Nos
2046 4395 2165 4453 autem
2183 4379 2253 4451 nisi
2268 4379 2356 4450 Ari-

323 4485 423 4561 rimis
445 4486 759 4570 dimicationibus,
791 4484 942 4557 Carolus
962 4483 1128 4569 Crassus,
1155 4497 1190 4555 et
1205 4482 1311 4555 Otto·
1361 4481 1569 4552 stocratiam
1600 4483 1803 4577 principum
1828 4484 2083 4557 inGermania
2113 4483 2213 4553 omni
2237 4481 2355 4553 consi-

320 4613 405 4677 nes,
435 4590 692 4686 possessionem
716 4586 863 4683 lmperii
883 4587 921 4656 in
936 4586 1131 4660 Germania
1155 4586 1311 4660 retinue·
1361 4583 1432 4671 lio,
1465 4587 1632 4659 omnibus
1653 4586 1789 4660 viribus
1813 4612 1855 4658 ac
1881 4588 2001 4660 nervis
2024 4587 2224 4660 tuebimur:
2260 4584 2354 4654 male

320 4706 417 4767 runt.
467 4695 576 4789 Quod
600 4706 719 4765 autem
739 4692 853 4787 aliqui
872 4691 1030 4762 referant
1044 4702 1220 4762 vetustam
1239 4689 1312 4760 ori-
1362 4688 1589 4761 consulemus
1609 4690 1800 4762 universae
1822 4689 2034 4784 posteritati.
2099 4688 2221 4760 Minus
2245 4687 2353 4758 etiam

318 4790 439 4892 ginem
466 4797 689 4868 Francorum
715 4795 854 4888 Regum
888 4797 935 4865 ad
961 4794 1185 4878 Germanos,
1221 4789 1311 4865 haec
1361 4804 1509 4862 movent
1532 4816 1589 4861 me
1611 4792 1673 4862 illa
1696 4792 1851 4884 gloriosa
1878 4794 2054 4887 promissa
2080 4794 2124 4863 de
2146 4792 2241 4862 bello
2259 4790 2355 4863 Tur·

317 4901 454 4973 leviora
479 4914 583 4985 suut,
617 4924 726 4996 quam
749 4912 790 4970 ut
809 4897 990 4993 principes
1009 4909 1111 4969 tanta
1134 4896 1309 4989 sapientia
1362 4896 1411 4966 cis
1431 4894 1630 4967 inserendo.
1682 4894 1860 4991 Equidem
1884 4921 2038 4988 agnosco
2062 4894 2352 4966 coniunctionem

319 5015 356 5076 et
377 5004 553 5097 gravitate
576 5004 759 5097 praeditos
782 5024 930 5072 movere
952 5001 1117 5074 debeant.
1168 4999 1310 5073 Consti·
1361 4998 1597 5082 Germaniae,
1622 4996 1765 5083 ltaliae,
1796 5013 1832 5069 et
1851 4999 2011 5083 Galliae,
2037 5022 2207 5090 magnum
2236 5020 2277 5066 ac
2297 5021 2353 5070 sa·
2462 5023 2465 5028 ·

320 5108 411 5180 tutio
427 5108 584 5201 postulat
601 5107 707 5176 talem
725 5105 827 5197 eligi,
853 5105 916 5201 qui
934 5129 1017 5176 vere
1034 5104 1080 5176 sit
1097 5100 1223 5175 haeres
1245 5102 1310 5173 ali·
1360 5102 1477 5172 lutare
1506 5102 1723 5195 praesidium
1746 5101 1914 5195 Europae
1935 5126 2031 5187 esse,
2063 5101 2093 5173 si
2116 5101 2197 5196 quis
2215 5111 2355 5171 teneret

318 5211 420 5285 cuius
448 5210 617 5295 ditionis,
649 5234 741 5304 quae
765 5202 850 5280 huic
870 5221 996 5281 nostro
1016 5204 1173 5300 Imperio
1194 5217 1309 5300 paret.
1360 5217 1505 5298 pacatas
1533 5218 1568 5275 et
1589 5207 1806 5277 obedientes.
1879 5206 1951 5277 Sed
1972 5205 2097 5276 Gallus
2117 5198 2208 5274 nihil
2231 5225 2353 5296 gerere

317 5315 466 5414 Alioqui
490 5314 522 5387 si
540 5314 625 5384 illae
640 5324 777 5384 veteres
793 5312 936 5383 labulae
951 5310 1065 5383 Gallis
1081 5310 1310 5404 patrocinari·
1361 5309 1532 5380 adversus
1568 5308 1707 5380 ‘l'urcas
1740 5322 1802 5379 aut
1833 5308 1949 5392 volet,
1995 5320 2058 5379 aut
2087 5307 2239 5399 poterit,
2283 5303 2353 5378 nisi

318 5432 398 5505 tur,
423 5418 574 5512 perinde
589 5427 761 5509 poterunt
783 5413 948 5488 aTurcis
961 5414 1113 5487 Troiam
1134 5426 1311 5507 repetere,
1361 5410 1463 5503 prius
1489 5411 1634 5483 domitis
1655 5412 1693 5481 in
1709 5411 1902 5482 Germania
1917 5411 2055 5502 Belgis,
2088 5411 2125 5479 in
2147 5406 2246 5480 ltalia
2266 5431 2352 5479 vero

318 5533 426 5618 atque
456 5520 605 5592 anobis
632 5517 840 5612 imperi-um:
885 5518 969 5613 quia
993 5512 1184 5611 perhibent
1205 5541 1242 5588 so
1264 5517 1309 5586 ab
1361 5527 1570 5607 recuperata
1585 5514 1752 5608 Neapoli.
1803 5516 1877 5586 llas
1895 5517 1940 5584 ad
1962 5538 2018 5584 res
2036 5513 2352 5594 armareGallom,

317 5625 483 5698 Hectoris
516 5625 590 5694 lilio
625 5636 724 5695 ortos
755 5644 841 5692 esse.
901 5620 992 5692 Cum
1026 5621 1136 5712 igitur
1161 5631 1310 5705 constet,
1362 5613 1431 5688 hoc
1455 5630 1529 5702 est,
1556 5620 1602 5702 ad
1623 5620 1765 5688 crudele
1785 5619 1918 5689 bellum
1942 5618 1979 5685 ἰιι
1996 5618 2074 5710 ipso
2092 5616 2244 5708 imperio
2261 5613 2352 5684 cxci·

318 5729 459 5802 excludi
485 5729 662 5800 Gallicum
696 5724 832 5817 Regem
866 5724 1120 5795 constitutione
1153 5723 1311 5816 publica,
1360 5722 1525 5807 tandum,
1548 5734 1671 5793 nostra
1688 5721 1862 5794 autoritas
1878 5744 2108 5816 nequaquam
2123 5720 2238 5788 debet.
2264 5716 2352 5793 ,Nec

320 5857 430 5929 quam
445 5833 556 5903 iurati
571 5832 611 5902 in
625 5828 798 5902 electione
815 5826 1017 5923 sequimur:
1042 5824 1135 5898 nihil
1151 5829 1241 5919 opus
1259 5839 1312 5899 est
1354 5840 1426 5912 est,
1443 5826 1541 5922 quod
1557 5819 1647 5895 mihi
1663 5825 1852 5921 quisquam
1870 5823 2016 5894 obiiciat
2032 5820 2220 5891 vaticinari
2233 5843 2291 5889 me
2307 5819 2352 5888 de
