5534 6700
371 576 447 657 ‘⁷71

371 755 594 847 Plumeaque
608 754 647 820 in
662 753 769 844 sylvis
783 762 950 841 repetunt
968 748 1137 818 animalia
1155 751 1272 838 nidos,

373 856 514 927 Scilicet
527 867 562 924 et
576 865 732 922 rostrum
748 852 887 942 tepidas
900 854 1006 920 fixere
1021 851 1086 921 sub
1103 851 1193 922 alas:

374 956 516 1046 clangit
532 956 577 1023 ad
592 977 692 1021 arma
707 956 850 1036 furens,
876 966 911 1022 et
927 976 1014 1021 voce
1029 952 1170 1022 silentia
1186 955 1319 1036 turbat,

373 1057 420 1127 Et
434 1069 550 1125 rostro
565 1057 696 1125 fractos
709 1055 846 1125 sonitus
862 1054 1025 1122 imitante
1045 1055 1212 1124 tubarum

371 1157 566 1228 Excubitor
581 1158 695 1226 lucem
714 1156 926 1225 mortalibus
940 1155 1075 1223 indicat
1090 1155 1173 1225 ales.

371 1256 469 1326 Idem
484 1257 591 1327 etiam
607 1257 737 1348 pugnis
753 1269 875 1347 aptus,
900 1280 1008 1326 nemo
1026 1256 1145 1325 acrior
1157 1256 1220 1325 illo

371 1359 501 1449 Ungue
513 1371 642 1440 notare
656 1355 776 1428 hostes
794 1370 829 1427 et
850 1382 927 1428 rem
943 1360 1133 1427 decernere
1150 1370 1281 1428 rostro.

370 1459 467 1530 Turn
483 1483 606 1529 vocem
622 1460 759 1552 excepit
773 1459 804 1528 F
804 1459 945 1552 ringilla
960 1459 1139 1552 loquentis
1152 1459 1198 1527 ab
1218 1483 1299 1529 ore:

371 1559 406 1631 Ο
420 1562 451 1632 si
462 1585 540 1631 non
552 1562 715 1654 pluviae,
739 1584 804 1630 nec
820 1561 1088 1654 tempestatibus
1103 1559 1191 1630 atris

370 1662 548 1747 serviret,
570 1686 778 1756 pennasque
794 1665 840 1733 ad
854 1663 1035 1757 motum⁸)
1052 1674 1207 1731 verteret
1222 1683 1331 1731 aurae

369 1765 512 1850 Gallus,
537 1790 644 1859 quem
661 1765 771 1836 variis
789 1766 828 1834 in
843 1767 980 1835 coelum
999 1764 1165 1833 laudibus
1180 1763 1296 1833 effers.

368 1865 493 1962 Sitque
507 1867 646 1937 utinam
661 1867 789 1959 pugnis
803 1879 929 1960 aptus,
954 1891 1000 1952 ne
1017 1865 1157 1956 turgida
1173 1865 1280 1956 pulsu

369 1967 515 2038 Solvere
529 1970 628 2038 labra
643 1982 767 2062 queat:
796 1982 890 2038 certe
908 1992 1016 2038 nemo
1032 1967 1149 2036 acrior
1163 1965 1226 2035 illo
1328 2018 1330 2023 ,

369 2071 462 2140 Ante
479 2069 612 2153 aciem,
638 2071 734 2141 solus
749 2094 825 2139 non
842 2070 938 2140 mille
955 2068 1137 2139 verebitur
1150 2063 1282 2138 hostes.

368 2171 471 2242 Stare
485 2174 565 2241 loco
581 2171 711 2257 nescit,
735 2172 845 2241 micat
859 2173 1017 2257 eminus,
1040 2183 1075 2240 et
1088 2169 1211 2240 tremit
1223 2169 1307 2248 alte,

366 2272 415 2343 Et
427 2274 543 2342 levior
555 2273 650 2344 foliis
662 2273 789 2367 quavis
805 2274 1001 2365 impellitur
1017 2296 1118 2342 aura.

368 2374 471 2469 Quae
500 2398 583 2443 nam
615 2374 724 2466 igitur
750 2376 933 2459 volucres,
966 2397 1070 2468 qnae-
1085 2397 1150 2443 vos
1180 2371 1353 2443 sententia

987 2475 1083 2566 cogit

365 2579 565 2650 Praeficere
578 2578 732 2669 imperio
748 2578 914 2660 Gallum,
940 2576 1003 2671 qni
1020 2577 1059 2644 in
1074 2577 1180 2646 sorde
1194 2575 1331 2646 solebat

366 2680 539 2752 Stridenti
556 2680 725 2750 miserum
741 2693 859 2751 rostro
875 2679 1080 2771 disperdere
1095 2700 1253 2761 carmen,

366 2783 439 2876 Qui
455 2795 572 2853 rostro
585 2781 696 2873 petit,
723 2782 924 2874 etpedibus
939 2781 1002 2874 qui
1018 2780 1154 2871 spargit
1170 2801 1329 2849 arenam.

365 2883 440 2977 Qui
454 2883 628 2956 Cuculnm
641 2908 717 2953 non
734 2884 830 2967 odit,
855 2895 951 2955 amet
966 2896 1026 2953 tua
1045 2881 1204 2951 carmina
1223 2881 1338 2951 Galle.

364 2985 440 3058 Nos
451 2987 602 3077 legimus
618 3009 731 3075 regno
747 2987 949 3070 volucrem,
976 2985 1033 3055 cui
1048 3007 1132 3054 cura
1154 2985 1336 3057 modestae

364 3087 469 3158 Pacis
486 3086 573 3168 erit,
596 3087 723 3154 doctae
740 3087 797 3156 cni
813 3087 916 3178 copia
931 3086 1029 3156 vocis
1046 3086 1085 3153 in
1103 3107 1166 3154 ore
1182 3097 1247 3155 est.

365 3188 435 3259 Sed
450 3200 605 3256 veterem
619 3187 755 3278 repetit
764 3186 902 3281 Cocsyx
916 3188 955 3256 in
967 3188 1096 3256 fronde
1111 3199 1287 3268 tenorem,

364 3289 439 3363 Nec
456 3303 550 3360 certa
567 3289 713 3381 regione
727 3289 816 3373 loci,
842 3313 908 3361 nec
922 3291 999 3381 lege
1016 3301 1171 3371 tenetur,

364 3393 439 3465 Nec
457 3416 627 3485 praesens
642 3387 751 3462 habet
767 3393 827 3461 ille
842 3394 970 3475 fidem,
995 3391 1078 3461 licet
1089 3391 1218 3460 arbore
1235 3390 1274 3457 in
1289 3390 1350 3460 illa

365 3496 541 3567 Comessu
556 3495 713 3565 medium
729 3519 804 3566 sese
821 3494 920 3577 tulit,
946 3518 1057 3587 ocyor
1070 3492 1171 3563 Euro

364 3599 487 3690 Turpe
501 3598 570 3667 iter
584 3597 755 3688 arripuit,
779 3599 972 3690 sedemque
987 3598 1026 3664 in
1039 3619 1126 3665 voce
1142 3594 1300 3687 reliquit,

362 3699 410 3771 Et
420 3700 629 3791 singultanti
642 3699 795 3769 involvit
807 3724 934 3770 nemus
949 3722 1057 3767 omne
1070 3697 1221 3766 ululatu.

362 3802 466 3871 Pone
480 3813 571 3883 stat,
595 3814 631 3869 et
647 3813 784 3869 moesto
802 3801 921 3870 tundit
936 3824 1001 3872 sua
1017 3812 1161 3891 pectora
1179 3799 1324 3890 planctu

361 3901 594 3995 Suppositum
612 3900 769 3972 Curruca
792 3926 924 3973 vocans
942 3902 981 3970 in
998 3902 1134 3970 crimen
1151 3902 1349 3983 alumnum,

361 4004 410 4076 Et
425 4004 549 4076 Cuculi
564 4027 698 4073 nomen
713 4004 827 4073 desert
840 4002 926 4098 de⁶)
945 4006 1051 4073 caede
1065 4017 1221 4095 peracta.

361 4107 483 4180 Hostis
498 4119 539 4178 ut
553 4101 683 4199 hospes
698 4120 794 4189 erat,
819 4107 957 4196 generis
972 4130 1056 4173 nam
1070 4106 1196 4197 funere
1209 4104 1324 4176 nostri

361 4208 557 4304 lngluviem
576 4209 748 4299 explevit,
770 4222 945 4302 natosque
962 4221 1045 4276 ante
1063 4231 1126 4275 ora
1144 4219 1333 4297 parentum

360 4311 539 4383 Immersit
568 4312 756 4393 rabidam,
795 4312 893 4403 quod
920 4335 987 4380 nec
1014 4312 1105 4379 bene
1136 4321 1273 4396 vertat,
1309 4309 1348 4378 in

980 4412 1113 4500 alvum,

360 4522 421 4592 Me
437 4542 581 4615 quoque
599 4518 644 4585 ab
657 4515 769 4584 infido
784 4515 836 4583 nil
855 4511 995 4605 hospite
1011 4515 1082 4583 tale
1098 4513 1297 4585 timentem.

360 4625 470 4696 Plura
484 4624 670 4692 locuturae
684 4618 863 4710 lacrymae
881 4640 988 4707 super
1004 4642 1067 4685 ora
1085 4616 1255 4687 fluebant.

361 4727 544 4808 Substitit,
568 4735 603 4791 et
619 4746 743 4790 vocem
759 4719 914 4787 mediam
933 4718 1115 4810 indignata
1132 4720 1312 4810 repressit.

264 4887 267 4894 .
360 4828 549 4921 Excipiens
562 4824 734 4915 Fringilla
750 4846 877 4892 sonum
893 4847 979 4891 mox
993 4822 1078 4890 talia
1095 4822 1226 4892 subdit.

361 4931 428 5000 llic
451 4953 594 5024 quoque
616 4953 695 4997 cum
719 4925 859 5016 tropico
872 4923 974 5018 801⁷)
997 4924 1149 4993 vertitur
1170 4925 1208 4991 in
1223 4922 1348 5014 Capri-

977 5050 1089 5095 corno

361 5132 479 5204 Vertit
492 5136 589 5220 terga
606 5134 731 5222 fugae,
758 5143 793 5199 et
807 5128 905 5221 putri
920 5154 957 5199 se
976 5130 1130 5198 occultat
1145 5129 1182 5196 in
1196 5129 1277 5197 alvo

360 5234 530 5315 Arboris,
569 5258 658 5325 eque
688 5230 875 5302 bominum
904 5245 1049 5324 aspectu
1076 5256 1140 5301 sua
1171 5228 1348 5302 subtrahit

975 5358 1052 5404 ora.

364 5492 569 5511 μ

394 5603 426 5670 t)
444 5606 480 5656 st
497 5598 612 5668 nomin]
632 5600 674 5650 sto
693 5600 743 5649 rt.
755 5600 799 5661 ις
824 5600 872 5650 {td
888 5602 911 5649 t.
929 5600 1109 5651 coniunctius:
1132 5600 1271 5651 “notu

395 5686 428 5754 6)
446 5688 536 5738 defert
553 5687 601 5746 de]
620 5684 661 5736 sie
678 5683 728 5733 Ed.
743 5682 787 5745 23
814 5682 865 5734 ild.
880 5685 905 5732 t.
924 5684 959 5732 de
978 5684 1069 5734 defert

396 5773 427 5840 7)
446 5774 511 5832 sot]
529 5773 571 5822 stc
588 5773 638 5824 lto.
654 5773 696 5828 t.;
721 5769 771 5819 ltd.
783 5768 809 5819 2.
829 5767 908 5817 tlsrs

1000 583 1359 658 contestatura
1381 584 1451 656 An
1475 583 1618 657 vom..
1644 584 1769 659 l-X.

2327 582 2412 664 7⁷2

1410 749 1505 820 Hinc
1515 748 1569 818 illi
1583 749 1758 820 obiiciunt
1773 761 1873 820 vates
1889 775 1957 840 pro
1975 749 2133 820 carmine
2148 753 2299 841 aimeri,

1411 851 1521 944 Quod
1531 851 1642 922 salice
1659 875 1760 922 exesa
1777 852 1897 941 lapsus
1911 851 2116 921 discrimine
2131 854 2226 924 vitae
2291 928 2293 932 ,

1410 953 1545 1023 Pressit
1559 949 1730 1037 humum,
1756 955 1854 1044 turpi
1871 954 2035 1022 ioedatus
2048 954 2197 1044 pulvere
2210 959 2372 1033 vultum.

1409 1052 1493 1123 Vidi
1512 1078 1597 1146 ego,
1623 1079 1688 1124 nec
1704 1054 1832 1138 fallor,
1858 1057 1943 1124 dnm
1965 1055 2078 1124 lustro
2096 1057 2281 1128 volumina
2301 1061 2406 1149 iuris,

1411 1153 1590 1248 Censurae
1606 1158 1805 1247 exemplum
1821 1155 1976 1226 flammis
1991 1180 2082 1249 quae
2095 1159 2254 1230 destinat
2268 1162 2403 1254 ipsum.

1409 1256 1504 1328 Nam
1517 1271 1698 1327 sarmenta
1716 1257 1803 1327 iocis
1819 1270 2010 1351 postquam
2026 1261 2203 1349 congessit
2215 1264 2359 1338 alendis

1410 1357 1535 1429 Cultro
1550 1359 1639 1450 agri,
1662 1372 1698 1429 et
1712 1359 1829 1429 trunci
1844 1358 2001 1428 nemoris
2012 1383 2101 1429 cava
2116 1364 2251 1434 robora
2267 1370 2401 1459 passim

1409 1458 1550 1544 Volvit,
1576 1472 1611 1529 et
1629 1456 1792 1553 hyberno
1809 1460 1881 1528 iam
1900 1461 1939 1528 in
1952 1460 2069 1531 sidere
2085 1464 2249 1536 subdidit
2260 1469 2345 1560 igni,

1407 1559 1471 1630 llle
1487 1561 1550 1630 ubi
1564 1561 1706 1632 sufflato
1723 1562 1963 1632 sna-membra
1981 1585 2115 1654 vapore
2135 1569 2271 1637 resolvi

1408 1662 1595 1745 Senserat,
1621 1663 1762 1733 ardenti
1774 1663 1913 1734 sonitus
1932 1663 2050 1733 emisit
2063 1665 2102 1733 in
2117 1680 2238 1753 anuo,

1407 1761 1482 1833 Ver
1495 1776 1594 1835 ratus
1610 1765 1770 1856 apricum
1787 1765 1927 1834 mediae
1941 1767 2007 1835 sub
2024 1765 2156 1856 frigore
2171 1771 2337 1846 brumae.

1407 1865 1446 1936 Si
1468 1865 1548 1958 quis
1569 1864 1608 1934 in
1631 1865 1802 1957 ambiguo
1824 1878 1897 1950 est,
1923 1878 2100 1961 quantum
2121 1872 2222 1944 locus
2243 1873 2399 1949 aetberis

1535 2024 1538 2029 .
2021 1993 2104 2060 igne

1406 2068 1592 2160 Discrepet
1602 2076 1626 2154 ,¹
1637 2067 1698 2137 ille
1712 2069 1784 2137 foci
1795 2092 1931 2141 crassm
1948 2094 2085 2161 vapor,
2110 2085 2147 2141 et
2158 2074 2249 2146 levis
2264 2077 2360 2169 ignis

1405 2167 1591 2254 Aetheris,
1616 2171 1711 2240 inter
1725 2195 1763 2241 se
1779 2194 1850 2265 qua
1865 2171 1938 2241 sint
1949 2172 2092 2242 ratione
2104 2176 2262 2267 repulsa,

1405 2271 1453 2342 Et
1467 2285 1641 2366 quantum
1656 2267 1820 2364 hyberno
1839 2274 2000 2364 tepidum
2016 2299 2079 2344 ver
2094 2277 2229 2368 frigore
2248 2280 2376 2352 distet:

1405 2373 1465 2444 An
1477 2375 1661 2444 volucrum
1679 2373 1779 2443 norit
1791 2375 1999 2445 discrimina
2016 2400 2151 2467 ponere
2165 2381 2329 2473 linguis?

1406 2475 1505 2569 Quin
1522 2476 1630 2546 etiam
1646 2476 1759 2546 furiae
1775 2500 1863 2570 quas
1877 2476 1953 2569 ipsa
1972 2502 1993 2546 e
2008 2478 2119 2571 stirpe
2132 2497 2329 2573 parentum

1405 2576 1543 2663 lnduit,
1569 2578 1750 2648 incessunt
1762 2577 1914 2649 stimulis
1927 2583 2163 2671 praecordia,
2185 2598 2228 2656 nt
2241 2587 2350 2656 omni

1404 2678 1540 2772 Impete
1556 2680 1732 2749 bellorum
1748 2681 1889 2751 fervens
1900 2680 2049 2751 Aedona
2067 2685 2225 2766 lacessat.

1404 2781 1468 2852 llla
1484 2782 1599 2865 canit,
1613 2781 1750 2873 strepit
1765 2783 1931 2873 opposito
1947 2785 2047 2856 rudis
2060 2788 2203 2877 agmine
2218 2787 2375 2883 Coccyx.

1405 2882 1576 2955 Certandi
1590 2884 1729 2966 studio,
1757 2885 1939 2978 crudoque
1953 2885 2084 2956 fatiscit
2101 2884 2216 2960 biatu.

1405 2985 1489 3079 Quo
1504 3009 1627 3055 morsu
1641 2984 1793 3076 appetiit
1806 2999 2007 3058 mansuetas
2021 2993 2155 3078 praedo
2173 2992 2374 3064 volueres?

1404 3089 1511 3181 Quod
1527 3099 1706 3178 superest,
1733 3088 1904 3180 quoniam
1925 3101 2025 3158 coetu
2038 3091 2273 3163 convenimus
2290 3095 2377 3180 illo,

1403 3188 1450 3259 Et
1465 3190 1622 3258 calamos
1637 3187 1763 3258 inflare
1778 3189 1894 3274 leves,
1918 3203 1955 3260 et
1967 3190 2083 3261 dicere
2096 3216 2238 3264 versus:
2342 3256 2345 3260 .

1403 3291 1500 3362 ‘l'um
1524 3290 1670 3361 missum
1692 3289 1798 3361 tacite
1819 3315 1841 3362 o
1862 3316 2029 3385 proceres
2042 3316 2153 3385 genus
2165 3319 2279 3366 omne
2295 3299 2398 3371 voln-

2020 3419 2134 3479 crum,

1403 3494 1510 3588 Quod
1525 3518 1634 3566 curvo
1651 3495 1841 3588 increpitat
1858 3508 1997 3579 rostro,
2021 3497 2286 3593 strepitumque
2299 3515 2395 3574 retu·

2014 3624 2094 3669 sum

1401 3698 1534 3781 Mittit,
1560 3710 1596 3767 et
1609 3698 1759 3767 offendit
1774 3699 1862 3769 diris
1874 3700 2087 3771 stridoribus
2101 3724 2217 3773 aures.

1401 3797 1523 3893 Heu⁸)
1538 3800 1682 3869 valeant
1697 3825 1821 3873 omnes
1835 3801 1951 3893 genii,
1978 3801 2041 3896 qui
2058 3802 2138 3872 iura
2155 3828 2284 3874 canore

1400 3900 1587 3982 Invertunt
1602 3903 1706 3987 licto,
1730 3904 1999 3999 peregrinisque
2014 3906 2156 3975 aemula
2172 3906 2303 3997 linguis

1401 4004 1546 4075 Solvere
1560 4016 1674 4074 rostra
1689 4008 1843 4090 student,
1857 4002 2119 4100 hominumque
2131 4007 2286 4080 illudere
2300 4013 2391 4085 voci.

1399 4108 1451 4177 Ut
1465 4106 1623 4190 merula,
1649 4119 1687 4175 et
1700 4108 1812 4198 nigris
1828 4109 1943 4178 velata
1961 4108 2157 4179 Monedula
2172 4113 2317 4202 pennis,

1399 4209 1556 4300 Picaque
1569 4232 1662 4301 quae
1677 4210 1794 4280 varias
1808 4210 1940 4279 emittit
1952 4211 2101 4281 stridula
2116 4236 2238 4298 voces,

1399 4309 1446 4380 Et
1460 4309 1575 4402 pictae
1588 4310 1750 4382 volucres
1765 4312 1882 4383 rutilis
1897 4312 1935 4381 in
1950 4325 2091 4403 tergore
2106 4316 2229 4405 guttis.

1400 4412 1542 4483 Occinit
1556 4407 1612 4482 bis
1626 4425 1750 4481 contra
1766 4414 1869 4482 ferali
1884 4416 2041 4485 carmine
2057 4414 2175 4487 Bubo.

1501 4512 1598 4583 llaec
1613 4512 1784 4605 Fringilla
1801 4515 1865 4585 tibi
1883 4517 2004 4607 potior
2014 4518 2191 4587 sententia
2208 4518 2289 4589 visa
2304 4534 2356 4591 est

1399 4616 1585 4698 Forsitan,
1611 4629 1647 4684 et
1661 4617 1810 4708 proprio
1826 4618 1876 4689 sic
1892 4619 2021 4710 digeris
2037 4619 2161 4688 omnia
2174 4621 2277 4692 solus

1399 4718 1581 4801 Arbitrio,
1607 4731 1643 4787 et
1656 4715 1789 4789 lalemo
1805 4734 1866 4790 tna
1881 4735 2023 4810 guttura
2039 4721 2148 4792 solvis
2167 4724 2341 4817 equestri.

1400 4820 1587 4891 Credimus
1602 4844 1650 4888 an
1666 4822 1729 4915 qui
1744 4836 1868 4892 amant
1885 4824 1952 4915 ipsi
1965 4824 2033 4894 sibi
2047 4824 2188 4895 somnia
2205 4826 2357 4916 lingunt.

1502 4921 1569 4992 Cui
1603 4921 1775 5014 Fringilla
1814 4927 1939 4995 refert:
1987 4950 2009 4995 o
2043 4950 2198 4997 narrans
2233 4929 2385 5021 plurima

2010 5026 2127 5112 Bubo,

1399 5124 1519 5196 Graiis
1534 5126 1737 5217 ingenium,
1762 5128 1882 5199 Graiis
1896 5130 1995 5198 dedit
2010 5154 2072 5199 ore
2085 5133 2250 5202 rotundo

1399 5229 1501 5298 Musa
1517 5228 1635 5323 loqui,
1661 5243 1697 5299 et
1711 5254 1837 5300 vocum
1855 5231 1957 5301 iussit
1971 5233 2177 5302 discrimina
2194 5258 2317 5319 nosse,

1398 5330 1447 5399 Et
1460 5356 1585 5402 suaves
1600 5332 1718 5402 avium
1735 5346 1859 5403 cantus
1874 5335 2072 5403 discernere
2088 5360 2215 5407 sensu:

1398 5436 1432 5504 A
1445 5432 1570 5502 Cuculi
1585 5434 1754 5526 strepitu,
1781 5460 1970 5504 corvorum
1988 5460 2009 5503 a
2024 5437 2186 5508 carmine
2207 5463 2340 5521 crasso,

1398 5536 1430 5601 A
1447 5534 1543 5604 Galli
1558 5538 1712 5625 crepitu,
1739 5551 1775 5607 et
1790 5538 1897 5607 Picae
1913 5538 2064 5609 stridore
2083 5540 2265 5633 loquacis.

1430 5769 1852 5835 assimularemus.
1869 5769 1920 5821 llel
