5534 6700
388 721 391 727 Ι
483 622 560 696 sss
1100 614 1223 690 arua.
1250 615 1364 691 uas.
1391 615 1888 691 scurrauuroalcs
2151 636 2154 641 ·
2442 622 2522 697 aaa

482 809 523 866 ut
549 817 636 885 pace
666 804 766 884 parta
794 789 925 856 bellum
955 791 1184 860 transferrem
1212 791 1250 859 in
1277 789 1471 880 'lotricum
1525 791 1622 883 quod
1649 815 1706 861 res
1739 805 1856 883 gestae
1880 793 2071 884 praecipue
2097 805 2293 875 testantur,
2327 793 2518 868 Graeciam

481 921 644 989 regnum.
697 892 798 958 Hanc
819 892 865 958 ob
890 915 1033 961 causam
1057 894 1173 961 victor
1188 893 1298 962 multa
1316 894 1474 964 concessi
1524 917 1598 961 non
1638 907 1767 984 sponte
1800 908 1863 964 aut
1895 896 1971 982 sine
2006 896 2201 965 certamine
2236 897 2410 988 accepisse
2446 897 2519 972 hoc

482 1002 546 1083 iis,
573 1020 663 1091 quos
686 993 796 1063 armis
819 994 964 1076 domui,
989 1008 1029 1064 nt
1049 1020 1125 1064 mea
1149 997 1398 1064 moderatione
1413 1021 1473 1067 eos
1525 995 1660 1086 iugum.

483 1105 528 1172 ad
544 1123 667 1192 pacem
688 1096 891 1166 invitarem.
1625 1095 1687 1165 llla
1714 1121 1800 1165 vero
1827 1099 1959 1169 multos
1984 1122 2099 1167 annos
2121 1098 2316 1169 fortissime
2343 1102 2520 1176 dimicans

585 1201 681 1269 Haec
703 1200 883 1291 praefatus
906 1222 984 1266 sum
1009 1199 1195 1292 aliquanto
1212 1199 1408 1290 prolixius,
1434 1213 1474 1269 ut
1524 1201 1670 1269 tandem
1696 1200 1869 1282 concidit,
1894 1225 1969 1268 non
1991 1202 2124 1268 virtute
2138 1216 2327 1292 superata,
2355 1208 2417 1275 sed
2435 1209 2520 1300 quia

482 1329 574 1401 quae
591 1327 667 1372 mea
686 1303 852 1370 voluntas
869 1301 908 1368 in
924 1296 979 1370 his
992 1302 1112 1384 bellis,
1139 1328 1231 1396 quae
1247 1303 1337 1393 gessi
1355 1299 1473 1372 hacte·
1524 1303 1598 1373 sola
1620 1314 1757 1370 tantam
1784 1297 1940 1372 hostium
1966 1303 2251 1388 multitudinem,
2286 1319 2321 1373 et
2344 1319 2417 1376 tam
2441 1310 2519 1379 lon·

481 1433 569 1491 nus,
602 1405 730 1487 fuerit,
763 1405 869 1494 plane
893 1427 1018 1474 omnes
1041 1405 1264 1495 intelligant,
1296 1429 1337 1474 ac
1359 1404 1474 1475 sciant
1524 1429 1608 1496 gum
1626 1405 1758 1474 bellum
1775 1405 1951 1475 sustinere
1965 1430 2041 1473 rron
2060 1418 2212 1495 poterat.
2251 1409 2372 1477 Audio
2392 1412 2519 1483 etiam-

481 1533 598 1605 neque
624 1520 728 1576 antea
744 1531 801 1575 me
817 1506 1023 1588 iracundia,
1050 1520 1113 1575 aut
1129 1509 1260 1577 iniusta
1280 1507 1473 1598 cupiditate
1524 1531 1610 1576 num
1636 1519 1773 1575 tantam
1796 1532 1870 1577 esse
1887 1509 1959 1575 vim
1969 1508 2222 1598 ingeniorum,
2248 1523 2386 1580 tantam
2404 1515 2517 1583 virtu-

482 1637 642 1706 unquam
679 1634 779 1679 arma
815 1609 1001 1692 sumsisse,
1038 1624 1156 1703 neque
1182 1607 1251 1679 hoc
1278 1610 1472 1678 Tarrcicum
1524 1622 1596 1678 tem
1612 1609 1769 1679 Graecae
1792 1610 1969 1691 strationis,
1995 1624 2123 1679 utnon
2140 1612 2209 1681 alia
2228 1637 2315 1702 gens
2333 1614 2516 1706 praestan-

480 1717 614 1786 bellum
643 1713 714 1781 alio
737 1711 887 1781 consilio
904 1735 1056 1802 parare,
1083 1737 1190 1806 quam
1215 1714 1474 1806 quianeccssa·
1524 1711 1633 1782 tiores
1667 1713 1774 1781 dtrces
1801 1712 1929 1784 Turris
1961 1709 2183 1804 suppeditet,
2220 1739 2330 1810 quam
2366 1717 2517 1801 Graeca,

481 1819 575 1888 risam
595 1829 631 1886 et
648 1816 746 1907 pium
765 1837 838 1884 esse
854 1813 986 1884 iudico.
1038 1814 1118 1908 Qua
1142 1818 1186 1884 de
1210 1840 1249 1884 re
1273 1816 1337 1884 ubi
1358 1838 1471 1906 pauca
1524 1814 1610 1908 qui,
1636 1825 1677 1883 ut
1700 1814 1827 1897 audio,
1853 1840 2063 1908 quanquam
2086 1816 2217 1886 ritibus
2238 1818 2369 1887 imbuti
2389 1820 2516 1889 Turci-

482 1921 674 2001 addidero,
722 1928 846 2009 postea
882 1917 1058 2010 reliquam
1097 1918 1393 1986 deliberationem
1428 1918 1473 1986 de
1525 1917 1593 1999 cis,
1620 1929 1741 1984 tamen
1762 1941 1940 1989 memores
1956 1930 2100 1989 nostrae
2115 1918 2303 1988 nobiscum
2326 1923 2517 1992 necessitu-

483 2022 615 2115 copiis,
649 2023 693 2089 de
721 2019 996 2119 commeatibus,
1032 2021 1147 2113 deque
1172 2023 1280 2089 modo
1305 2020 1389 2088 belli
1415 2044 1473 2110 ge·
1524 2019 1637 2102 dinis,
1670 2017 1775 2086 inviti
1809 2019 1900 2087 bella
1935 2033 2063 2110 gerunt
2088 2021 2126 2088 in
2148 2022 2283 2092 nocuis
2308 2024 2517 2114 provinciis.

482 2126 586 2196 rendi
620 2136 815 2215 perteram.
842 2210 851 2217 .
876 2121 1001 2214 Quae,
1035 2124 1135 2191 domi
1162 2147 1247 2215 pace
1267 2123 1474 2204 constituta,
1525 2120 1627 2189 Hanc
1655 2133 1749 2190 certe
1772 2122 1979 2203 nationem,
2011 2127 2105 2215 quae
2129 2124 2381 2214 pulcerrimum
2406 2150 2517 2194 orna·

483 2254 559 2299 non
580 2239 698 2320 potest
721 2224 875 2295 difficilis
896 2224 1013 2293 videri
1034 2226 1155 2307 vobis,
1187 2218 1249 2320 qui
1270 2224 1376 2318 periti
1391 2224 1473 2296 estis
1503 2237 1685 2292 ,mentum
1710 2219 1905 2295 Christiani
1934 2225 2113 2306 nominis,
2146 2250 2309 2320 quaeque
2334 2252 2413 2297 cum
2436 2252 2517 2295 ma-

481 2332 535 2401 rei
557 2329 745 2410 militaris,
771 2341 806 2398 et
830 2326 960 2421 quibus
974 2327 1169 2396 Germania
1191 2328 1276 2398 satis
1297 2339 1383 2396 nota
1401 2339 1473 2406 est;
1524 2326 1662 2396 iuribus
1684 2325 1823 2423 ‘nostris
1849 2327 2043 2418 sanguine,
2077 2329 2301 2412 foederibus,
2333 2342 2368 2398 et
2393 2329 2517 2398 multis

480 2436 637 2528 denique
661 2432 724 2526 qui
744 2455 866 2512 arma,
899 2444 934 2499 et
953 2455 1058 2522 opes,
1086 2444 1121 2499 et
1142 2427 1234 2500 hanc
1257 2429 1400 2521 imperii
1419 2429 1474 2498 di·
1525 2428 1651 2498 officiis
1684 2430 1874 2501 coniuncta
1901 2430 1990 2512 fuit,
2028 2455 2108 2500 cum
2137 2430 2184 2499 ob
2210 2445 2368 2502 careteras
2393 2452 2515 2501 causas

482 2537 654 2629 gnitatem
671 2548 794 2603 tenere
809 2558 876 2602 nos
891 2533 998 2615 scitis,
1025 2547 1066 2602 ut
1078 2533 1189 2603 vitam
1206 2545 1242 2602 et
1259 2556 1384 2601 omnes
1399 2533 1473 2601 for·
1525 2531 1687 2624 oportuit
1701 2555 1768 2602 nos
1784 2531 1822 2599 in
1839 2532 2252 2618 libertatemvindicare,
2275 2547 2351 2603 tum
2369 2537 2415 2602 ob
2427 2531 2516 2602 haec

481 2652 588 2710 tunas
601 2649 742 2707 nostras
758 2638 801 2704 ad
819 2635 1060 2705 defensionem
1078 2649 1112 2705 et
1128 2635 1306 2727 publicam
1321 2635 1472 2705 salutem
1525 2634 1674 2716 merita,
1708 2637 1806 2727 quod
1843 2635 1983 2728 aliquot
2015 2636 2165 2706 saeculis
2191 2637 2385 2737 immanem
2413 2637 2516 2704 illam

429 2735 431 2738 Α
481 2743 580 2812 orbis
595 2754 772 2809 terrarum
794 2740 1031 2808 conferamus.
1524 2736 1727 2805 barbariem
1754 2737 1947 2807 fortissime
1968 2739 2155 2828 repressit,
2187 2750 2264 2806 eta
2288 2738 2420 2808 nostris
2439 2761 2517 2805 cer·

583 2841 657 2914 Nec
675 2866 760 2910 vero
775 2866 981 2934 quenquam
999 2865 1019 2909 e
1037 2840 1138 2910 vobis
1153 2838 1297 2932 quidem
1317 2838 1474 2907 arbitror
1524 2838 1661 2909 vicibus
1676 2840 1824 2930 depulit.
1861 2839 2007 2909 Nullum
2024 2841 2119 2908 enim
2137 2840 2262 2910 iustius
2276 2851 2329 2909 est
2343 2839 2518 2922 officium,

480 2970 578 3028 esse,
611 2945 673 3037 qui
697 2943 890 3013 Turcicum
920 2943 1053 3012 bellurn
1082 2967 1210 3033 parum
1234 2938 1472 3010 necessarium
1523 2966 1634 3036 quam
1648 2941 1903 3024 servatoribus,
1923 2943 2124 3012 calamitate
2143 2941 2263 3035 aliqua
2279 2942 2413 3025 fractis,
2432 2964 2518 3038 rur-

435 3128 440 3134 ,
482 3047 671 3128 existimet,
697 3059 759 3113 aut
775 3045 943 3134 postulet,
964 3057 1005 3113 ut
1021 3044 1082 3112 alii
1098 3045 1219 3135 potius
1232 3042 1360 3135 Reges,
1382 3041 1473 3111 aliae
1524 3069 1583 3116 sus
1599 3068 1705 3135 opem
1722 3045 1834 3127 ferre,
1860 3057 1896 3113 et
1911 3068 2035 3137 parem
2057 3047 2208 3139 gratiam
2228 3045 2374 3115 referre.

481 3149 648 3220 nationes
667 3146 736 3216 sibi
760 3142 825 3215 has
849 3157 968 3236 partes
988 3159 1145 3216 sumant.
1209 3144 1302 3217 Nam
1332 3143 1474 3215 etiamsi
1626 3145 1696 3217 Sed
1726 3170 1800 3241 quo
1832 3170 1891 3216 me
1916 3136 2066 3233 dolor2)
2090 3145 2260 3217 abducit?
2320 3146 2439 3218 Tanta
2458 3157 2518 3215 est

482 3250 624 3322 'furcae
639 3251 713 3319 suis
727 3248 857 3317 tinibus
873 3247 944 3314 iam
966 3248 1144 3334 contenti,
1177 3271 1252 3317 non
1271 3248 1475 3340 proferrent
1523 3247 1620 3317 enim
1645 3273 1720 3318 nou
1743 3250 1858 3319 solum
1883 3249 2059 3342 regnandi
2081 3250 2277 3342 cupiditas,
2308 3251 2370 3319 sed
2399 3248 2515 3317 multo

482 3379 583 3428 arma
603 3354 765 3443 longius,
792 3376 857 3420 nec
871 3350 975 3421 nobis
991 3352 1188 3443 periculum
1206 3352 1474 3433 denuntiarent,
1523 3351 1639 3442 magis
1661 3347 1813 3422 humani
1837 3353 2021 3444 sanguinis
2041 3354 2138 3435 sitis,
2169 3351 2337 3447 tantus')
2357 3353 2461 3421 furor
2477 3351 2517 3419 in

480 3482 549 3529 nos
571 3456 737 3552 quidem,
764 3456 895 3549 quibus
913 3452 1011 3525 Deus
1032 3457 1223 3547 praecipue
1245 3453 1473 3524 commenda·
1524 3453 1674 3539 Turcis,
1699 3467 1834 3524 utnon
1859 3455 2071 3548 reliquerint
2092 3457 2197 3526 nobis
2218 3455 2515 3524 deliberationem

411 3595 426 3610 ·
481 3560 536 3629 nit
557 3560 655 3629 orbis
672 3554 866 3629 Christiani
885 3558 1151 3640 defensionem,
1182 3558 1317 3627 bellum
1342 3557 1474 3625 inferre
1515 3558 1570 3625 de
1596 3556 1784 3627 inferendo
1806 3557 1901 3626 hello
1924 3557 2096 3642 liberam,
2127 3560 2190 3627 sed
2208 3560 2252 3627 de
2269 3558 2516 3649 propulsando

482 3663 554 3733 illis
572 3663 780 3755 oportebat,
807 3674 847 3730 ut
863 3661 1052 3730 Graeciam
1069 3673 1106 3730 et
1121 3659 1256 3730 vicinas
1271 3657 1475 3751 provincias
1523 3658 1639 3743 bello,
1664 3661 1708 3729 de
1722 3660 1928 3730 defensione
1944 3660 2126 3752 religionis
2141 3657 2378 3745 Christianae,
2405 3682 2515 3753 quam

482 3765 620 3835 crudeli
635 3764 805 3835 servitute
819 3762 1062 3832 liberaremus.
1115 3762 1207 3833 Nam
1224 3764 1255 3833 si
1271 3762 1351 3857 quis
1373 3773 1475 3853 putat
1524 3762 1659 3857 ubique
1693 3774 1871 3832 terrarum
1907 3764 2026 3833 delere
2053 3777 2205 3833 conatur
2231 3763 2292 3831 illa
2317 3762 2517 3846 barbaries,

468 3867 585 3939 ,mitia
610 3880 673 3937 aut
690 3865 895 3934 tolerabilia
919 3890 994 3935 esse
1017 3865 1218 3934 Turcarum
1243 3865 1415 3957 imperia,
1446 3864 1475 3935 is
1526 3864 1714 3935 consilium
1732 3866 1945 3957 capiendum
1962 3879 2031 3937 est:
2053 3867 2238 3934 retinenda
2255 3877 2308 3935 est
2321 3860 2428 3934 huius
2445 3862 2517 3932 lm·

482 3971 590 4061 longe
617 3968 774 4050 fallitur,
808 3992 873 4036 nec
903 3968 1008 4038 nobis
1032 3970 1076 4036 de
1099 3965 1245 4059 Imperii
1264 3969 1370 4037 laude
1394 3991 1474 4035 cum
1498 3937 1503 4036 l
1526 3966 1618 4058 perii
1632 3968 1818 4051 maiestas,
1844 3970 1997 4039 tuendae
2012 3969 2180 4059 coniuges
2195 3982 2231 4036 et
2246 3967 2349 4037 liberi
2361 3967 2493 4038 nostri.

483 4072 554 4144 illis
569 4083 751 4142 certamen
767 4084 838 4153 est,
864 4073 926 4139 sed
942 4073 988 4139 de
1004 4070 1190 4161 religione,
1211 4073 1255 4139 de
1274 4045 1503 4161 disciplina,l
1627 4068 1706 4141 Nisi
1733 4070 1829 4139 enim
1861 4072 2101 4154 occurrimus,
2134 4072 2243 4162 paulo
2268 4082 2350 4162 post
2370 4070 2517 4139 domitis

482 4179 527 4245 de
552 4174 746 4265 coniugum
772 4187 808 4242 et
825 4173 1021 4242 liberorum
1043 4172 1228 4265 pudicitia.
1277 4172 1476 4264 Praecipue
1525 4169 1654 4242 vicinis
1677 4172 1843 4263 gentihus
1866 4172 1904 4241 in
1925 4173 2043 4242 media
2059 4174 2253 4243 Germania
2279 4172 2518 4243 videbitisex·

483 4291 603 4349 sutem
622 4288 830 4369 grassantur
847 4277 885 4345 in
899 4276 1144 4360 nobilitatem,
1171 4299 1236 4345 nec
1254 4276 1370 4345 solum
1394 4300 1476 4367 pos·
1528 4274 1625 4343 cindi
1648 4276 1773 4359 urbes,
1806 4275 2024 4345 inflammari
2046 4277 2198 4368 templa,
2228 4276 2312 4376 ¹rapi
2336 4276 2381 4345 ad
2409 4295 2517 4345 omne

483 4380 657 4453 sessiones
684 4392 801 4448 certae
825 4379 928 4449 victis
958 4379 1078 4448 nullae
1106 4379 1380 4472 relinquuntur,
1415 4378 1474 4449 sed
1526 4375 1653 4467 flagitii
1676 4401 1789 4468 genus
1805 4378 1974 4471 coniuges
1996 4392 2031 4449 et
2045 4379 2197 4462 liberos,
2225 4378 2348 4448 divelli
2364 4378 2518 4449 infantes

483 4480 593 4554 etiam
615 4482 729 4564 lixae,
755 4494 791 4550 et
806 4480 962 4572 gregarii
981 4481 1111 4553 milites
1126 4481 1273 4574 rapiunt
1289 4484 1335 4550 ad
1351 4493 1475 4573 stupra
1524 4504 1549 4548 a
1566 4481 1754 4572 complexu
1771 4494 1961 4574 parentum
1978 4493 2086 4576 atque
2109 4482 2280 4564 interfici,
2308 4483 2446 4553 medias
2465 4504 2518 4553 se·

484 4586 725 4657 nobilissimas
749 4597 858 4677 atque
882 4579 1152 4655 honestissimas
1174 4594 1378 4668 matronas,
1405 4584 1477 4652 vir·
1529 4582 1603 4652 cari
1634 4584 1802 4674 gravidas
1829 4584 2016 4669 mulieres,
2048 4585 2110 4654 illo
2141 4608 2295 4677 acynace
2314 4583 2520 4668 barbarico,

484 4692 603 4783 gines,
628 4712 772 4781 pueros.
823 4688 878 4756 Ad
894 4682 983 4756 haec
996 4686 1119 4758 multis
1133 4686 1249 4757 modis
1264 4687 1478 4777 extinguunt
1527 4686 1703 4755 fanaticae
1725 4686 1936 4777 religiones,
1970 4688 2100 4782 quibus
2126 4687 2260 4756 initiati
2272 4687 2306 4782 ⁴)
2335 4700 2439 4769 sunt,
2472 4710 2519 4755 ne

484 4790 526 4866 ac
546 4792 667 4862 delent
682 4787 923 4862 Christianam
941 4790 1165 4881 religionem.
1445 4823 1458 4858 s
1527 4789 1673 4881 quidem
1691 4793 1893 4860 concedunt
1909 4790 1959 4860 eis
1977 4790 2111 4873 otium,
2137 4794 2198 4861 sed
2212 4791 2289 4881 lege
2304 4803 2435 4881 cogunt
2450 4789 2519 4858 im·

586 4895 682 4963 llaec
711 4907 794 4965 sunt
823 4918 975 4984 magnae
1007 4907 1043 4963 et
1066 4894 1179 4962 iustae
1200 4915 1347 4972 causae,
1384 4914 1476 4983 quae
1528 4890 1669 4983 peritam
1694 4894 1894 4963 extendere.
1954 4892 2001 4961 Et
2023 4917 2202 4964 successus
2225 4893 2337 4976 tanti,
2370 4905 2520 4986 tamque

485 4997 572 5066 viris
592 4998 744 5067 fortibus
766 4999 810 5064 ad
835 4998 1004 5066 tuendam
1024 4995 1175 5085 gloriam
1191 4993 1260 5062 Dei
1276 4994 1475 5063 ctsalutem
1524 4996 1692 5085 ¹prosperi
1717 5018 1896 5065 annorum
1924 4997 1997 5064 fere
2021 4998 2276 5079 ducentorum,
2309 4998 2450 5067 addunt
2469 4995 2519 5065 eis

451 5099 649 5185 ,omnium
673 5099 831 5189 gentium
856 5125 955 5167 anm
981 5098 1146 5167 induant.
1198 5098 1319 5188 Quare
1341 5096 1478 5187 ingenti
1528 5095 1688 5178 animos,
1715 5112 1755 5167 ut
1772 5098 1952 5192 quiescere
1969 5098 2069 5167 nullo
2087 5102 2196 5167 modo
2214 5098 2363 5190 possint.

485 5204 611 5271 dolore
635 5202 790 5283 afficior,
817 5227 895 5269 cum
922 5202 1039 5292 cogito
1055 5198 1266 5281 Graeciam,
1293 5224 1386 5292 quae
1404 5224 1477 5269 non
1632 5199 1740 5292 Quod
1763 5202 1792 5270 si
1813 5212 1912 5269 tanta
1934 5201 2001 5270 fuit
2025 5202 2159 5292 gloriae
2175 5214 2282 5295 atque
2298 5200 2444 5293 imperii
2459 5224 2517 5270 cu·

484 5305 601 5375 solum
634 5304 879 5373 doctrinarum
902 5328 1034 5395 parens
1058 5316 1129 5384 est,
1160 5302 1352 5371 sedetiam
1377 5304 1477 5372 omni
1529 5300 1680 5393 piditas,
1708 5313 1806 5370 tanta
1833 5304 1982 5373 audacia
2003 5316 2108 5387 nanc,
2132 5330 2211 5374 curu
2230 5306 2324 5375 vires
2343 5300 2518 5373 haberent

485 5409 591 5477 laude
605 5411 777 5478 virtutum
794 5406 973 5488 excelluit,
1001 5420 1036 5475 et
1051 5406 1113 5475 din
1127 5404 1376 5475 florentissima
1393 5428 1477 5497 pars
1529 5407 1725 5474 admodum
1756 5406 1919 5497 exiguas,
1952 5406 2236 5502 necquicquam
2260 5406 2330 5479 nisi
2349 5408 2446 5477 littus
2469 5407 2517 5475 ad

485 5509 665 5581 Ecclesiae
699 5506 923 5580 Christianae
958 5509 1045 5591 fuit,
1083 5532 1179 5578 nunc
1209 5507 1273 5577 tali
1305 5508 1477 5578 servitute
2313 5529 2322 5544 ‘

487 5638 693 5707 oppressam
716 5637 810 5694 esse,
846 5612 883 5680 in
908 5636 977 5705 qua
1001 5637 1080 5680 cun·
1104 5624 1242 5679 caetera
1257 5610 1354 5680 dictu
1370 5611 1475 5680 foeda
1549 5604 1710 5726 ''iiiiiiil
1736 5607 1778 5657 ¹¹⁰
1801 5610 1877 5660 ‘W
1900 5606 1985 5660 ffli-
2005 5603 2097 5665 ¹⁶0⁰*
2126 5608 2220 5672 Μ’
2247 5608 2338 5672 tem
2368 5604 2418 5664 ²¹¹·
2440 5604 2523 5659 ¹⁵⁷2

486 5731 594 5813 atque
610 5714 790 5786 horrenda
808 5715 1018 5807 perferenda
1036 5728 1139 5795 sunt,
1173 5728 1249 5785 turn
1267 5712 1376 5783 etiam
1394 5713 1476 5783 reli·
1559 5761 1593 5828 3)
1612 5764 1722 5825 mm]
1740 5764 1791 5817 m
1812 5766 1888 5817 m
1906 5766 1996 5818 mm
2022 5764 2108 5815 m

481 5820 545 5913 gio
576 5821 719 5913 penitus
747 5819 928 5896 aboletur;
970 5830 1006 5888 et
1029 5831 1136 5909 auget
1155 5817 1474 5899 meumdoloren,
1562 5821 2102 5915 s)tniurtt]stcutat.1an.,¹set.,
2124 5848 2216 5911 tasse
2244 5850 2292 5900 sc.
2314 5850 2393 5901 taso.
2413 5846 2520 5908 uciutt

2296 5993 2319 6028 Ι
