5534 6700
986 583 1129 659 XCIX..
1157 583 1425 659 ultumas
1458 580 1699 663 PUERlle.

995 848 1354 926 ,urrunnu
1388 790 1686 927 curarum

901 984 1133 1048 PfllLlPl'O
1169 985 1507 1048 UBLANTBONB
1545 980 1785 1046 AUCTORE·

429 1155 1320 1250 sucurrontrnuuoro

323 1259 704 1334 nsrvxrn

429 1373 1321 1472 abcdelghiklmnopqrst

211 1575 214 1579 Ι
324 1504 555 1576 νυιγι

722 1612 927 1688 Vocale's.

625 1757 646 1802 s
699 1758 719 1803 e
770 1733 783 1800 i
835 1758 857 1804 o
908 1759 933 1804 u
983 1759 1018 1831 y.

668 1876 972 1975 Diphthon'gi.

734 2022 779 2070 ae
882 2025 902 2070 e

737 2125 781 2171 oe
884 2128 904 2172 e

739 2228 785 2273 au

737 2330 782 2376 eu

740 2408 773 2476 ei
882 2407 894 2473 i

426 2520 573 2618 [Matth.
587 2523 625 2608 6,
640 2518 815 2622 9-1s.]
837 2523 947 2593 Pater
970 2537 1111 2609 noster,
1138 2528 1201 2620 qui
1223 2553 1260 2600 es
1282 2528 1320 2596 in

324 2620 453 2710 coelis,
485 2627 726 2697 sanctificetur
748 2648 883 2695 nomen
907 2639 1031 2710 tuum,
1065 2628 1236 2698 adveniat
1264 2654 1320 2700 re·

323 2752 434 2822 gnum
454 2740 578 2823 tuum,
600 2729 665 2796 fiat
683 2727 852 2799 voluntas
872 2741 934 2798 tua
952 2731 1258 2823 quemadmodum
1280 2732 1320 2800 in

322 2832 444 2913 coelo,
469 2829 520 2901 sic
544 2828 652 2899 etiam
675 2830 714 2899 in
735 2841 844 2900 terra.
890 2830 1031 2903 Panem
1048 2844 1213 2905 nostrum
1229 2858 1320 2929 quo-

321 2932 500 3003 tidianum
515 2934 560 3001 da
577 2931 683 3002 nobis
698 2928 820 3014 hodie,
846 2944 882 3000 et
895 2932 1036 3004 remitte
1054 2935 1159 3007 nobis
1172 2942 1318 3028 peccata

321 3048 467 3119 nostra,
492 3033 669 3131 siquidem
689 3046 725 3103 et
739 3057 807 3104 nos
821 3035 1039 3107 remittimus
1052 3037 1154 3106 omni
1173 3038 1319 3109 debenti

322 3137 440 3208 nobis.
502 3134 551 3206 Bt
571 3160 619 3206 ne
641 3160 709 3208 nos
730 3135 878 3207 inducas
900 3136 939 3205 in
963 3138 1222 3226 tentationem,
1255 3143 1318 3213 sed

321 3238 435 3310 libera
454 3263 522 3310 nos
540 3264 559 3307 a
577 3238 687 3308 malo.
739 3241 870 3309 Amen.

424 3339 502 3412 Ave
524 3340 641 3411 Maria
674 3338 789 3433 gratia
823 3341 951 3433 plena,
981 3340 1161 3416 Dominus
1188 3356 1318 3417 tecum.

321 3437 515 3516 Benedicta
545 3458 585 3514 tu
617 3444 656 3513 in
684 3443 915 3529 mulieribus,
941 3456 976 3515 et
1006 3447 1214 3519 benedictus
1243 3448 1346 3568 iro-'j

321 3560 399 3618 ctus
412 3545 549 3617 ventris
562 3546 617 3616 tui
624 3544 657 3643 ¹)
673 3543 770 3617 lesus
784 3541 959 3618 Christus.
1009 3547 1138 3620 Amen.

423 3651 635 3743 [Symbolum
650 3650 917 3738 Apostolicssms]
938 3649 1054 3721 Credo
1069 3651 1109 3720 in
1119 3651 1237 3723 Deum
1253 3675 1317 3743 pa·

321 3763 412 3824 trem
436 3752 722 3842 omnipotentem
744 3766 942 3822 creatorem
960 3753 1049 3823 coeli
1066 3767 1101 3823 et
1117 3768 1256 3838 terrae,
1282 3766 1318 3823 et

321 3853 498 3927 inlesum
522 3850 705 3924 Christum
728 3853 842 3923 lilium
867 3855 942 3926 eius
963 3856 1108 3926 unicum
1127 3859 1315 3928 dominum

320 3971 507 4041 nostrum,
537 3958 601 4052 qui
631 3970 824 4048 conceptus
851 3971 904 4029 est
933 3960 978 4026 de
1008 3959 1145 4048 Spiritu
1180 3975 1317 4042 sancto,

319 4073 427 4132 natus
444 4085 487 4129 ex
503 4060 618 4129 Maria
634 4059 794 4151 virgine,
816 4083 941 4151 passus
954 4063 1020 4131 sub
1033 4059 1167 4131 Pontio
1183 4063 1317 4145 Pilato,

320 4164 529 4246 crucifixus,
566 4175 731 4231 mortuus
760 4174 795 4231 et
820 4163 992 4254 sepultus.
1050 4162 1243 4237 Descendit
1269 4165 1316 4235 ad

319 4266 475 4351 inferos,
501 4265 606 4335 tertia
624 4265 682 4334 die
696 4267 890 4334 resurrexit
906 4289 926 4334 a
942 4266 1108 4339 mortuis.
1146 4268 1318 4342 Ascendit

320 4372 366 4442 ad
388 4371 527 4452 coelos,
553 4369 652 4439 sedet
673 4369 719 4436 ad
739 4369 922 4437 dexteram
936 4366 1005 4438 Dei
1019 4371 1134 4463 patris
1150 4374 1317 4465 omnipo·

317 4475 439 4545 tentis.
490 4472 577 4542 lude
599 4483 772 4541 venturus
797 4484 850 4541 est
871 4471 1029 4542 iudicare
1046 4473 1148 4544 vivos
1166 4489 1201 4544 et
1219 4499 1316 4545 mor-

318 4591 415 4646 tuos.
447 4574 563 4645 Credo
580 4575 617 4643 in
632 4573 806 4667 Spiritum
823 4587 999 4659 sanctum,
1020 4589 1179 4647 sanctam
1195 4577 1316 4648 Eccle-

318 4679 410 4752 siam
429 4674 662 4762 catholicam,
688 4675 902 4748 Sanctorum
923 4679 1237 4765 communionem,
1260 4706 1315 4751 re·

318 4781 527 4852 missionem
551 4794 800 4872 peccatorum,
828 4781 946 4852 carnis
963 4784 1261 4855 resurrectionem
1280 4795 1319 4854 et

318 4884 433 4953 vitam
451 4898 648 4955 aeternam.
699 4885 829 4954 Amen.

500 5038 708 5111 Psalmus
734 5038 859 5112 vat.
885 5037 971 5141 [vss.
986 5037 1136 5139 2-8.]

422 5154 521 5227 Deus
542 5158 756 5228 misereatur
772 5161 888 5231 nostri
907 5200 959 5214 -
970 5199 1023 5215 -
1038 5200 1089 5217 -
1107 5175 1143 5230 et
1156 5176 1318 5232 metuant

319 5282 402 5329 eum
418 5282 543 5331 omnes
558 5261 647 5333 lines
663 5274 794 5333 terrae.

387 5375 501 5444 (num
521 5380 631 5431 marna
647 5381 860 5445 memoresto
877 5396 898 5433 ι
919 5382 1063 5448 retussa,
1088 5349 1213 5447 praue
1226 5385 1318 5435 ons.-

315 5457 383 5499 ssn
408 5448 473 5500 etus
494 5449 718 5514 tnsmpttonsm
743 5445 798 5515 [cs.
813 5447 869 5517 t.],
903 5464 937 5504 so
963 5454 1081 5504 testeus
1098 5449 1217 5518 differt,
1240 5455 1319 5518 quod

316 5527 363 5568 vs.
376 5515 402 5565 R
421 5516 448 5566 b.
462 5517 482 5565 t.
500 5518 626 5583 lepttor:
657 5521 687 5567 et
705 5518 863 5582 benedicet,
892 5522 924 5571 ta
945 5522 1027 5588 Μ.
1046 5532 1134 5572 uero:
1165 5521 1316 5573 mediat

315 5585 404 5638 nm
420 5585 456 5636 ot
472 5598 535 5638 rem
551 5588 628 5639 tone
643 5588 919 5651 taterpretsttom
938 5589 999 5644 Η.
1016 5588 1126 5656 ontst)

357 5793 388 5850 ι)
405 5791 474 5841 uuo.
490 5793 516 5856 ι,
528 5790 627 5845 Μ.

1621 1152 1779 1224 Decem
1808 1155 2112 1250 praecepta⁸).

1781 1273 1958 1346 Primum.

1472 1373 1557 1446 Nou
1572 1370 1720 1447 babebis
1732 1377 1820 1447 deos
1838 1377 1986 1449 alienos.

1760 1495 1975 1567 Secundum.

1473 1595 1557 1668 Non
1596 1618 1753 1668 assumes
1785 1621 1921 1667 nomen
1954 1597 2104 1669 Domini
2136 1595 2206 1668 Dei
2241 1598 2295 1670 tui
2327 1598 2365 1668 in

1371 1720 1518 1770 vanum.

1778 1800 1960 1873 Tertium«

1475 1900 1658 1974 Memento
1673 1917 1714 1974 ut
1730 1904 1824 1975 diem
1841 1902 2037 1975 Sabbatum
2053 1905 2262 1978 sanctifices.

1773 2022 1965 2117 mmm.

1474 2122 1622 2193 Honora
1647 2138 1787 2216 patrem
1802 2137 1838 2196 et
1852 2138 2027 2213 matrem,
2052 2142 2094 2199 ut
2108 2128 2157 2200 sis
2170 2129 2365 2221 longaevus

1372 2248 1480 2319 super
1499 2239 1644 2297 terram.

1778 2328 1968 2423 Quintum.

1475 2428 1559 2499 Non
1586 2431 1737 2504 occides.

1744 2618 1752 2635 ,
1785 2551 1944 2624 Sextum.

1473 2647 1556 2719 Non
1582 2647 1839 2724 moechaberis.

1768 2769 1980 2863 Septimum.

1472 2869 1556 2942 Non
1576 2872 1711 2941 lurtum
1738 2874 1858 2945 iacies.

1770 2991 1961 3064 Octavum.

1471 3088 1556 3163 Non
1577 3091 1736 3188 loqueris
1755 3107 1880 3165 contra
1895 3097 2100 3187 proximum
2116 3107 2218 3166 tuum
2232 3095 2361 3169 falsum

1369 3192 1629 3267 testimonium.

1784 3298 1945 3374 Nonum.

1470 3397 1554 3470 Non
1567 3401 1795 3495 concupisces
1804 3406 1960 3492 *domum
1975 3404 2132 3495 proximi
2146 3403 2210 3473 tui.

1764 3520 1966 3591 Decimum.

1471 3618 1525 3689 Ne
1556 3619 1774 3693 desiderabis
1804 3646 1952 3691 uxorem
1980 3621 2075 3706 eius,
2106 3646 2182 3692 non
2204 3646 2362 3708 servum,

1367 3743 1444 3788 non
1476 3721 1662 3806 ancillam,
1698 3747 1774 3794 non
1803 3725 1955 3809 bovem,
1990 3749 2066 3794 non
2098 3726 2260 3809 asinum,
2294 3748 2362 3796 nec

1369 3822 1514 3905 omnia,
1539 3849 1631 3918 quae
1650 3825 1746 3897 illius
1765 3840 1861 3899 sunt.

1366 3990 1416 4062 ln

1416 4128 1552 4199 Divino
1566 4146 1756 4223 praecepta
1771 4158 1862 4225 puer
1876 4134 1907 4205 si
1921 4136 2064 4227 prodita
2082 4136 2129 4204 ab
2144 4159 2207 4205 ore

1470 4231 1518 4302 Et
1530 4233 1637 4305 iacies
1651 4248 1748 4305 casto
1762 4249 1909 4328 pectora
1923 4238 2018 4308 iussa
2036 4234 2118 4321 Dei,

1418 4334 1497 4429 lpse
1512 4350 1615 4429 pater
1629 4337 1723 4407 vitae
1738 4361 1881 4412 cursum
1895 4340 2144 4411 moderabitur
2159 4363 2304 4411 omnem

1469 4438 1545 4510 Nec
1559 4440 1704 4510 fortuna
1720 4440 1787 4512 tibi
1801 4466 1907 4513 saeva
1924 4466 2056 4514 nocere
2071 4455 2203 4536 potest.

1398 4607 1461 4680 Ex
1484 4607 1735 4705 Evangelio
1759 4605 1982 4686 Matthaei
2009 4610 2330 4710 capv-vlv)

1470 4729 1558 4823 Cap.
1572 4730 1617 4804 V.
1651 4734 1742 4804 Cum
1765 4735 1912 4806 vidisset
1934 4749 2053 4807 autem
2072 4735 2216 4819 turbas,
2241 4757 2363 4805 ascen·

1368 4832 1423 4906 dit
1444 4832 1485 4902 in
1505 4846 1687 4919 montem,
1719 4849 1854 4906 etcum
1879 4839 2113 4923 consedisset,
2139 4849 2362 4910 accesserunt

1368 4939 1414 5007 ad
1430 4937 1531 5008 illum
1549 4937 1714 5030 discipuli
1729 4939 1825 5024 eius,
1846 4953 1884 5011 et
1896 4953 2088 5040 postquam
2107 4941 2306 5034 aperuisset
2323 4965 2364 5010 os

1368 5065 1495 5125 suum,
1519 5042 1673 5112 docebat
1685 5042 1785 5127 illos,
1811 5042 1951 5115 dicens:
1983 5043 2087 5114 Beati
2101 5067 2278 5137 pauperes
2291 5043 2364 5136 spi·
2399 5043 2402 5050 ’

1368 5143 1463 5226 ritu,
1503 5145 1675 5237 quoniam
1719 5145 1862 5217 illorum
1896 5160 1949 5219 est
1980 5171 2132 5240 regnum
2167 5147 2363 5217 coelorum.

1367 5244 1472 5315 Beati
1502 5248 1566 5339 qui
1594 5249 1737 5340 lugent,
1776 5250 1949 5343 quoniam
1979 5251 2048 5342 ipsi
2077 5249 2362 5321 consolationem

1369 5348 1557 5439 accipient.
1607 5349 1713 5422 Beati
1734 5352 1859 5436 mites,
1884 5354 2057 5447 quoniam
2078 5354 2147 5445 ipsi
2161 5349 2364 5424 haeredita·

1373 5490 1489 5500 ——--
1496 5491 1576 5501 uun—-

1442 3991 1720 4085 Decalogum
1746 3991 1992 4090 Philippus
2017 3994 2360 4072 Melanchthon.

1401 5569 1435 5628 ¹)
1453 5568 1538 5620 nott
1552 5567 1598 5635 ω,
1610 5568 1628 5619 ⁸
1639 5581 1699 5632 sqq.

1341 5639 1344 5658 ¹
1403 5655 1435 5714 8)
1453 5656 1529 5704 llaec
1552 5654 1646 5716 osptts
1669 5657 1698 5704 et
1715 5667 1791 5720 seqq.
1810 5667 1826 5704 e
1844 5655 1922 5705 Novo
1940 5655 2015 5709 rest.
2034 5656 2153 5707 ooltccts
2169 5658 2205 5706 ab
2222 5657 2283 5719 tpso
2300 5657 2362 5705 Ιο-

1341 5691 1346 5824 l
1437 5725 1569 5773 unusne
1592 5723 1621 5772 u
1644 5723 1766 5787 rugan
1788 5723 1903 5775 nonan
1920 5726 2060 5778 maists
2076 5736 2094 5775 ι
2111 5726 2235 5789 vulgas·
2251 5723 2362 5774 eom-

1440 5795 1513 5856 mi.

1550 6047 1598 6160 i
