5534 6700
455 760 457 765 .
495 692 571 769 ast
1111 684 1236 785 enta.
1265 685 1378 763 uel..
1407 684 1619 760 scatens·
1643 684 1914 763 manontes.
2454 690 2539 764 488

494 866 629 961 piendi.
691 863 814 957 Quare
840 885 915 933 nou
945 860 1111 933 dubitare
1135 884 1172 932 se
1197 861 1359 946 aiebant,
1395 860 1484 956 quin
1536 844 1710 933 et'futura
1733 861 1881 933 exitiosa
1902 858 2048 954 utrique
2065 857 2219 929 nationi.
2271 856 2346 930 Nec
2361 859 2535 955 impliciti

494 968 648 1041 Helvetii
670 961 777 1036 huius
798 962 950 1034 militiae
970 967 1077 1036 decus
1097 965 1252 1034 maxime
1267 976 1484 1057 expeterent.
1536 964 1632 1034 Galli
1648 964 1872 1036 Germanicis
1894 963 2016 1047 bellis,
2041 958 2182 1031 Italiam
2203 961 2383 1034 defensuri
2398 980 2535 1053 essent,

497 1074 586 1144 Cum
613 1080 731 1138 autem
758 1067 883 1137 electio
905 1068 966 1137 illa
990 1062 1047 1140 his
1065 1066 1176 1138 tantis
1195 1067 1302 1137 rebus
1320 1067 1485 1158 gerendis
1536 1080 1599 1138 aut
1613 1065 2044 1139 aliasresutilesnomini
2059 1061 2266 1136 Christiano
2281 1067 2428 1140 moturi.
2472 1069 2535 1140 Aa

496 1170 801 1267 opportunitatem
827 1170 979 1241 allatura
1002 1183 1113 1254 esset,
1153 1170 1283 1239 debere
1298 1169 1331 1263 ¹)
1357 1168 1485 1241 Helve·
1536 1166 1602 1241 has
1618 1168 1740 1242 literas
1754 1171 1942 1241 Romanus
1957 1168 2118 1262 pontifex
2137 1170 2380 1263 respondens,
2405 1185 2536 1243 narrat

495 1276 564 1347 tios
585 1297 731 1370 quoque
752 1272 826 1344 suis
848 1272 994 1357 studiis,
1019 1297 1061 1343 ac
1081 1271 1339 1365 significatione
1354 1275 1487 1343 volun-
1537 1272 1576 1342 in
1602 1274 1825 1359 foederibus,
1862 1296 1954 1368 quae
1975 1270 2142 1341 Romana
2172 1273 2272 1343 sedes
2295 1266 2431 1343 habeat
2450 1300 2531 1347 cum

494 1377 578 1449 tatis
593 1400 674 1447 eam
689 1375 872 1448 adiuvare.
907 1375 1097 1447 Postremo
1112 1376 1393 1468 pollicebantur,
1415 1375 1487 1445 Re·
1537 1374 1694 1468 Regibus
1708 1375 1968 1468 Neapolitanis,
1991 1388 2135 1446 cautum
2153 1398 2241 1459 esse,
2267 1376 2410 1470 nequis
2425 1377 2533 1449 simul

496 1505 595 1572 gem,
622 1478 653 1550 si
675 1479 883 1571 eligeretur,
915 1478 1030 1570 gentis
1055 1478 1258 1549 Helveticae
1284 1478 1485 1551 libertatem
1537 1478 1743 1549 Romanum
1777 1476 1971 1571 Imperium
2005 1489 2137 1548 teneat.
2198 1477 2290 1547 Cum
2316 1490 2438 1548 autem
2464 1480 2534 1553 sibi

497 1583 594 1653 nulla
619 1582 658 1650 in
681 1606 722 1652 re
743 1581 1003 1653 labefactorem
1021 1606 1116 1665 esse,
1141 1584 1203 1652 sed
1220 1581 1341 1672 potius
1358 1584 1487 1652 contin
1537 1582 1726 1652 Romanae
1747 1583 1840 1653 sedis
1859 1580 2045 1674 privilegia
2064 1579 2231 1671 religiose
2251 1592 2286 1649 et
2301 1604 2441 1651 summa
2462 1608 2533 1677 ope

496 1698 700 1769 maturum,
734 1697 771 1754 et
786 1684 898 1755 multa
916 1684 1122 1757 additurum
1140 1687 1418 1756 essecommoda
1436 1697 1487 1755 at·
1538 1685 1670 1754 tuenda
1688 1685 1779 1768 sint,
1805 1708 1845 1779 ea
1863 1687 1964 1753 dere
1981 1684 2151 1753 certiores
2169 1683 2283 1753 lactus
2298 1706 2374 1754 esse
2390 1683 2534 1757 Electo-

497 1813 567 1883 que
590 1799 824 1872 ornamenta,
856 1787 887 1859 si
906 1786 1173 1859 Helveticorum
1191 1788 1306 1858 virtus
1331 1802 1368 1859 et
1385 1787 1487 1858 forti·
1539 1810 1612 1869 res,
1647 1811 1693 1857 ne
1716 1788 1804 1882 qnid
1824 1788 1926 1856 lieret
1948 1798 2073 1856 eontra
2098 1786 2301 1856 libertatem
2320 1799 2356 1856 et
2372 1812 2534 1859 commo·

412 1924 417 1937 ·
497 1894 584 1961 tudo
603 1914 677 1961 non
698 1902 789 1963 esset
801 1890 985 1962 communi
1001 1891 1106 1963 saluti
1121 1890 1279 1963 nominis
1292 1887 1487 1962 Christiani
1539 1892 1624 1961 dum
1643 1890 1831 1959 Romanae
1854 1890 1960 1961 sedis.
2012 1889 2121 1982 Quod
2143 1901 2262 1959 autem
2290 1889 2401 1960 alium
2420 1916 2534 1986 quen·

497 1994 674 2064 defutura.
1048 2026 1051 2035 ·
1539 1994 1622 2065 dam
1645 1992 1845 2086 principem
1864 1987 2089 2062 evehendum
2106 2014 2180 2062 csse
2198 1994 2244 2061 ad
2259 1993 2443 2085 fastigium
2458 1994 2533 2065 Ro-

600 2095 698 2165 llaec
726 2120 805 2166 cum
828 2094 958 2166 Gallici
988 2095 1096 2187 legati
1127 2107 1487 2167 commemorassent:
1539 2096 1638 2166 mani
1665 2094 1812 2188 Imperii
1842 2094 1956 2186 magis
1975 2094 2144 2178 senserit,
2178 2096 2372 2166 adductum
2396 2122 2433 2168 sc
2456 2120 2532 2168 non

498 2220 706 2293 quanquam
738 2197 907 2290 privatim
940 2199 1084 2291 multos.
1103 2197 1239 2291 ingenti
1274 2199 1424 2292 pecunia
1453 2210 1489 2267 et
1540 2198 1679 2291 privata
1707 2198 1979 2282 benevolentia,
2017 2200 2081 2269 sed
2112 2209 2210 2267 certo
2237 2198 2390 2282 iudicio,
2430 2200 2532 2295 quod

498 2302 602 2373 novis
636 2301 887 2393 largitionibus
921 2300 1098 2393 obligatos
1129 2303 1319 2372 tenebant:
1365 2308 1488 2371 tamen
1540 2303 1750 2394 cognoverit
1771 2327 1852 2371 eum
1874 2302 2055 2371 excellenti
2081 2301 2247 2392 ingenio,
2273 2300 2471 2386 industria,
2497 2316 2533 2372 et

397 2480 400 2487 ⁴
497 2400 640 2474 honesti
665 2402 735 2472 viri
760 2404 888 2475 delecti
913 2426 957 2473 er
985 2403 1207 2488 civitatibus,
1249 2407 1408 2477 modeste
1433 2428 1489 2473 re·
1540 2404 1789 2496 magnitudine
1804 2404 1914 2473 animi
1932 2404 2134 2495 praeditum
2149 2428 2243 2488 esse,
2270 2417 2306 2474 et
2321 2428 2451 2496 cupere
2468 2429 2534 2497 po-

498 2508 737 2600 sponderunt:
771 2530 808 2577 se
823 2530 898 2576 nou
913 2507 1152 2600 impedituros
1169 2508 1371 2577 libertatem
1389 2507 1489 2601 prin·
1540 2507 1689 2578 tentiam
1709 2530 1809 2578 suam
1826 2510 1872 2575 ad
1889 2530 2116 2576 communem
2132 2507 2284 2577 salutem
2300 2508 2476 2578 conferre.

499 2611 618 2702 cipum
639 2608 867 2693 Electorum,
896 2633 963 2678 nec
992 2610 1250 2702 significatione
1281 2611 1403 2705 aliqua
1426 2634 1490 2679 vo·
1642 2608 1744 2679 Hanc
1759 2610 2022 2681 excusationem
2041 2609 2183 2701 scripsit
2198 2611 2244 2679 ad
2260 2608 2443 2681 Helvetios
2457 2609 2533 2679 Leo

496 2713 645 2783 luntatis
667 2736 774 2796 suae,
807 2724 871 2782 aut
892 2723 1031 2783 terrore
1054 2712 1149 2797 ullo,
1180 2713 1409 2806 praebituros
1431 2736 1491 2782 oe·
1541 2714 1720 2805 pontifex,
1747 2711 1887 2783 omissis
1902 2711 2041 2804 Regum
2057 2708 2277 2784 nominibus.
2316 2710 2394 2784 Etsi
2411 2725 2532 2783 autem

499 2816 678 2886 cerionem
719 2815 920 2886 turbandae
956 2816 1226 2910 tranquillitatis
1260 2816 1490 2899 Germaniae,
1541 2817 1790 2887 intellexerant
1824 2814 2026 2899 Electores,
2065 2839 2159 2910 quae
2195 2815 2360 2885 omnium
2391 2814 2533 2907 Regum

428 2996 434 3009 ,
499 2942 608 3012 quam
629 2931 866 3010 agnoscerent
886 2919 1055 3010 patriam.
1105 2918 1245 2989 Deinde
1266 2944 1346 2989 cum
1371 2918 1490 2988 nomi·
1541 2921 1674 3013 ubique
1696 2932 1872 2989 terrarum
1891 2918 1947 2987 vel
1962 2918 2079 2989 studia
2099 2930 2232 3002 essent,
2258 2918 2316 2987 vel
2332 2918 2535 3010 expectatio

498 3023 612 3091 natim
647 3021 834 3092 Helvetico
870 3021 1014 3091 foedere
1050 3023 1253 3112 exceperint
1283 3021 1488 3091 Romanam
1541 3024 1585 3091 de
1609 3017 1677 3091 hac
1698 3021 1891 3105 electione,
1923 3034 2055 3116 atquo
2083 3021 2304 3113 singulorum
2328 3023 2536 3091 voluntates

497 3121 716 3206 Ecclesiam,
742 3135 778 3193 et
792 3122 1000 3192 Romanum
1022 3121 1237 3216 Imperium:
1272 3123 1490 3216 profiteban·
1541 3124 1734 3194 inclinatae
1755 3137 1888 3195 essent:
1921 3124 1990 3217 ipsi
2013 3136 2134 3193 tamen
2156 3146 2394 3194 summarum
2411 3121 2537 3214 gravi·

500 3239 559 3297 tur
584 3250 621 3296 se
645 3221 737 3294 nihil
762 3237 887 3294 contra
912 3224 1071 3295 Romani
1093 3224 1240 3320 Imperii
1262 3227 1490 3299 Maiestatem
1541 3238 1614 3298 tate
1630 3227 1822 3312 cavebant,
1847 3250 1894 3296 ne
1910 3230 1955 3297 ad
1969 3226 2083 3297 ullum
2096 3224 2273 3297 inflectere
2287 3224 2538 3319 sequisquam

498 3327 657 3400 facturos
691 3352 777 3400 esse.
843 3327 1006 3400 Pertinet
1039 3341 1158 3400 autem
1193 3332 1239 3401 ad
1265 3330 1489 3403 Maiestatem
1541 3330 1725 3402 videretur
1746 3342 1830 3401 ente
1846 3329 2154 3423 suffragationem.
2204 3328 2320 3402 Nemo
2333 3328 2424 3398 ullas
2442 3326 2539 3398 aluit

498 3431 645 3503 libertas
666 3431 871 3525 principum
890 3430 1111 3528 Electorum.
1163 3431 1214 3504 Ita
1233 3434 1346 3508 Gallis
1368 3434 1491 3505 dimis-
1541 3436 1732 3519 faetiones‚
1757 3459 1866 3504 nemo
1890 3434 2034 3528 paravit
2055 3436 2109 3505 sui
2132 3431 2292 3524 suffragii
2312 3433 2536 3509 defensoress

499 3534 558 3619 sis,
585 3534 746 3607 scribunt
759 3534 915 3605 Helvetii
927 3535 1049 3608 literas
1063 3539 1110 3606 ad
1124 3537 1283 3630 singulos
1297 3535 1491 3624 Electores,
1541 3539 1603 3609 sed
1636 3538 1785 3628 integris
1816 3535 1947 3608 animis
1972 3550 2220 3608 convenerunt
2246 3537 2285 3604 iu
2313 3533 2535 3628 colloquium

501 3638 538 3706 in
562 3637 693 3732 quibus
716 3651 1024 3725 commemorant,
1052 3663 1090 3711 se
1111 3640 1222 3725 seire,
1253 3665 1361 3737 quam
1384 3636 1491 3711 vehe·
1541 3639 1743 3724 Electores,
1782 3640 1955 3736 equibus
1977 3637 2213 3731 Muguntinus
2245 3662 2339 3709 tanus
2370 3636 2534 3707 omnium

499 3751 639 3809 menter
659 3742 797 3812 ambiat
812 3741 937 3812 Gallus
952 3742 1164 3834 imperium,
1193 3756 1228 3813 et
1244 3745 1343 3838 quod
1359 3744 1492 3814 multo·
1542 3744 1792 3835 gravissimum
1814 3765 1906 3816 onus
1930 3741 2138 3814 sustinebat.
2190 3740 2284 3813 Nam
2300 3766 2381 3811 curn
2394 3740 2535 3833 primus

500 3866 582 3913 rum
604 3843 746 3916 animos
769 3868 811 3914 ea
836 3846 881 3914 de
903 3869 944 3914 re
964 3845 1142 3917 sollicitet.
1192 3846 1354 3918 Narrant
1370 3846 1492 3932 etiam,
1542 3847 1755 3918 sententiam
1790 3846 1950 3918 dicturus
1982 3857 2088 3930 esset,
2121 3846 2361 3915 laborandum
2395 3844 2430 3912 ei
2455 3841 2535 3927 fuit,

501 3968 593 4037 quae
615 3949 712 4038 apud
734 3947 832 4038 ipsos
854 3945 1041 4039 petiverit,
1074 3949 1232 4044 quidque
1253 3949 1323 4044 ipsi
1343 3973 1492 4042 respon·
1542 3974 1617 4020 non
1639 3952 1750 4020 modo
1771 3962 1813 4020 ut
1833 3949 2004 4041 suffragio
2029 3973 2094 4020 suo
2123 3949 2278 4041 aliquem
2310 3945 2534 4026 nominaret;

500 4048 631 4122 derint.
691 4047 833 4119 Deinde
866 4063 1070 4142 exponunt,
1102 4075 1140 4123 se
1174 4054 1342 4145 defugere
1368 4054 1490 4122 omnia
1542 4055 1603 4125 sed
1636 4052 1742 4122 etiam
1772 4077 1896 4123 causas
1926 4076 2011 4123 suae
2038 4050 2303 4143 suffragationis
2326 4060 2534 4141 exponeret,

501 4149 669 4234 consilia,
703 4175 797 4248 quae
819 4151 1010 4225 videantur
1031 4177 1105 4226 esse
1129 4169 1254 4225 contra
1272 4156 1491 4228 Germaniae
1542 4168 1583 4227 ut
1596 4155 1756 4252 reliquos
1770 4156 1817 4223 ad
1832 4179 1935 4226 suam
1956 4153 2169 4224 sententiam
2190 4155 2415 4252 adiungeret.
2468 4149 2534 4221 Ita·

502 4252 821 4347 tranquillitatem,
855 4267 891 4325 et
916 4269 1050 4349 negant
1072 4283 1110 4329 se
1129 4259 1202 4328 ulla
1225 4259 1263 4327 in
1285 4284 1325 4330 re
1347 4259 1492 4329 liberta·
1543 4283 1613 4354 que
1628 4257 1729 4352 peius
1744 4281 1825 4328 cum
1841 4256 2039 4341 Friderieo,
2063 4257 2163 4328 Duce
2180 4257 2369 4340 Saxoniae,
2396 4254 2533 4326 deuni-

500 4369 571 4424 tem
587 4356 792 4451 principum
805 4356 1011 4431 Electorum
1027 4359 1265 4454 impedituros
1281 4387 1367 4436 esse.
1543 4385 1644 4433 versa
1667 4360 1848 4454 republica
1872 4355 2095 4444 Christiana,
2138 4372 2173 4430 et
2196 4360 2363 4431 omnibus
2386 4357 2536 4454 Imperii

589 4458 776 4532 Adliciunt
787 4456 1091 4549 dehortationem,
1111 4489 1158 4535 ne
1175 4467 1221 4534 ad
1236 4465 1360 4537 Gallos
1375 4476 1492 4536 trans·
1543 4463 1751 4536 Germanici
1769 4464 1933 4557 partibus
1953 4463 2183 4558 colloquitur.
2231 4461 2279 4532 Et
2297 4458 2353 4533 his
2367 4485 2531 4556 congres-

500 4560 637 4631 feratur
657 4561 816 4634 Romani
833 4561 982 4658 Imperii
1002 4567 1131 4652 decus,
1166 4593 1255 4638 neve
1275 4580 1492 4640 moveantur
1542 4568 1640 4641 sibus
1661 4580 1755 4639 totas
1777 4568 1939 4661 impertit
1960 4579 2101 4637 noctes:
2140 4591 2182 4636 ac
2204 4591 2244 4636 re
2257 4565 2451 4658 diligenter
2465 4564 2530 4636 dis·

500 4664 681 4757 principes
702 4668 831 4760 opibus
847 4680 911 4739 aut
927 4667 1064 4741 viribus
1079 4669 1245 4756 Gallicis,
1272 4672 1356 4767 quia
1373 4666 1491 4742 adhuc
1541 4684 1687 4765 putata,
1723 4666 1808 4742 huic
1838 4672 1996 4743 ostendit
2025 4667 2181 4740 maxime
2210 4694 2229 4739 e
2256 4669 2441 4762 republica
2467 4665 2531 4740 sibi

500 4767 540 4838 in
561 4767 776 4842 Gemanica
807 4763 956 4843 natione
984 4784 1124 4844 tantum
1147 4773 1200 4846 sit'
1215 4774 1356 4847 consilii
1378 4787 1414 4844 et
1437 4775 1490 4842 vi·
1542 4773 1676 4859 videri,
1708 4786 1750 4845 ut
1775 4772 1926 4845 Carolus
1958 4768 2142 4842 Archidux
2173 4772 2342 4844 Aristriae
2369 4771 2530 4864 eligatur.

499 4870 616 4956 rium,
646 4885 689 4943 ut
709 4871 802 4944 nihil
824 4898 915 4967 opus
936 4874 984 4947 sit
1001 4888 1141 4948 exteros
1157 4876 1274 4969 Reges
1297 4877 1490 4950 accersere.
1541 4876 1638 4948 Idem
1665 4901 1747 4948 cum
1771 4876 1955 4948 videretur
1979 4875 2071 4946 Duci
2098 4875 2295 4960 saxoniae,
2324 4876 2428 4945 iubet
2451 4897 2529 4947 eum

498 4972 688 5046 Postremo
711 4972 924 5062 hortantur,
956 4991 998 5049 ut
1018 4979 1149 5074 aliquis
1169 4981 1322 5071 eligatur
1342 5005 1386 5051 ex
1399 4980 1489 5051 Ger·
1541 4993 1748 5053 constanter
1769 4979 1808 5048 in
1829 4979 2004 5052 sententia
2026 5001 2194 5064 manere,
2219 4990 2260 5049 ut
2277 4999 2529 5050 eonsensnsuo

499 5078 641 5149 maniae
673 5079 914 5173 principibus;
955 5093 992 5151 et
1023 5081 1256 5174 pollicentur,
1290 5107 1354 5154 stra
1386 5107 1487 5181 arma
1540 5067 1975 5167 dubitantesinvitarent,
1999 5093 2036 5151 et
2051 5095 2290 5174 repugnantes
2309 5083 2507 5153 vincerent.

426 5177 428 5188 '
498 5204 574 5251 non
594 5183 759 5254 defutura
782 5207 857 5255 esse
874 5183 1120 5254 defendendae
1134 5185 1386 5280 tranquillitati
1400 5187 1489 5257 Geu-
1644 5186 1735 5258 Cum
1757 5185 1867 5279 igitur
1890 5184 2084 5256 constituto
2100 5185 2218 5255 dicad
2234 5183 2527 5255 deliberationem

500 5284 653 5356 maniae.
713 5286 883 5357 Scribant
907 5298 942 5356 et
963 5289 1009 5358 ad
1029 5285 1188 5357 Leonem
1210 5289 1253 5359 X.
1278 5289 1487 5364 Romanum
1539 5285 1722 5363 Electores
1741 5288 1782 5358 iu
1796 5287 1944 5359 Curiam
1958 5286 2242 5390 Francofordioe
2263 5286 2376 5385 (quae
2399 5287 2528 5359 dicitur

499 5387 725 5477 pontificem,
756 5402 792 5459 et
816 5399 964 5483 petunt,
997 5414 1043 5461 ne
1069 5392 1116 5462 sit
1137 5404 1242 5460 cautor
1265 5391 1489 5468 Electoribus
1539 5393 1724 5483 Romana)
1747 5391 2016 5464 convenissent:
2054 5390 2291 5484 Mogontinus
2312 5391 2404 5462 bene
2426 5411 2528 5484 para·

498 5488 652 5579 eligendi
671 5489 780 5584 Regis
804 5491 1006 5577 Francisci,
1041 5496 1139 5587 quod
1162 5494 1348 5568 Gallorum
1371 5496 1488 5566 domi·
1538 5507 1597 5568 tus
1622 5496 1826 5566 orationem
1841 5489 1968 5566 habuit
1989 5493 2027 5564 in
2047 5489 2142 5566 hanc
2166 5494 2396 5568 sententiam.
2445 5491 2528 5566 Non

497 5591 598 5662 natio
620 5593 659 5664 in
680 5595 877 5667 Germania
901 5595 1063 5688 paritura
1089 5610 1178 5669 esset
1202 5602 1357 5691 ingentia
1379 5601 1488 5684 bella,
1537 5598 1665 5671 dubito
1688 5597 1875 5694 equidem,
1909 5597 2107 5692 principem
2134 5598 2214 5669 orbi
2235 5610 2418 5669 terrarum
2440 5594 2531 5668 divi·

1537 5702 1636 5774 nitus
1657 5703 1755 5772 dari:
1789 5715 1911 5780 tomen
1934 5727 2014 5773 cum
2037 5715 2161 5775 nostra
2184 5701 2394 5795 suffragatio
2409 5698 2528 5798 requi·

1537 5817 1659 5894 ratur,
1692 5801 1855 5914 pritn'em
1883 5829 1952 5878 oro
1972 5805 2090 5877 &um
2114 5805 2292 5900 optimum
2318 5804 2529 5887 maximnm,

531 5867 851 5993 ''sigifiisiifflm'
865 5869 953 5938 Μ’
973 5869 1061 5939 ¹⁵⁵⁰*
1081 5871 1167 5936 Μ’
1186 5871 1283 5950 “¹⁴⁴¹
1298 5871 1385 5940 Μ’
1399 5871 1487 5940 'm’
1537 5922 1579 5982 ut
1600 5922 1738 5983 mentes
1757 5923 1902 5985 nostras
1922 5910 2109 6003 gubernet.
2160 5908 2300 5982 Deinde
2320 5933 2451 5984 censeo
2465 5929 2527 5979 no-
