5534 6700
371 614 447 695 747
883 608 1014 693 rull.
1040 609 1153 682 MEL.
1180 610 1383 689 SCRIPTA
1408 607 1540 681 VAllll
1559 608 1868 684 ARGUMENTI.
2328 613 2410 687 148

368 784 531 867 fabulae,
553 780 709 873 apologi‚
736 779 952 868 paroemias,
974 783 1187 869 parabolae,
1214 793 1356 874 etquae
1408 780 1572 853 Socrates
1602 782 1805 873 colligebat:
1840 781 2001 853 Deorum
2023 795 2108 853 sunt
2129 783 2274 864 omnia,
2305 784 2409 857 Boni

370 899 455 958 sunt
476 882 581 954 huius
594 880 751 972 generis,
778 883 822 949 de
838 881 966 974 quibus
982 883 1093 951 multa
1111 880 1357 973 Quintilianus
1408 883 1476 947 viri
1491 885 1641 949 deorum
1659 896 1741 950 sunt
1757 884 1882 963 amici,
1908 897 1945 950 et
1959 884 2158 955 amicorum
2176 886 2300 954 omnia
2319 901 2408 957 suut

369 990 464 1058 libro
487 985 625 1077 quinto.
873 1060 876 1068 ¹
1409 981 1626 1062 communia,
1643 1006 1727 1071 ergo
1742 994 1778 1050 et
1792 982 1969 1051 bonorum
1989 983 2149 1050 virorum
2164 993 2249 1050 sunt
2264 983 2406 1054 omnia.

472 1087 609 1155 Orestis
631 1084 750 1154 fabula
773 1109 857 1154 usus
871 1097 924 1154 est
939 1085 1247 1175 tempestivissimc
1263 1082 1356 1153 Mar.
1409 1083 1467 1152 Sic
1492 1078 1738 1173 Diophantus,
1764 1080 2014 1153 Themistoclis
2038 1084 2148 1173 lilius:
2201 1083 2314 1174 Quod
2340 1110 2405 1175 ego

371 1191 495 1261 Cicero
513 1212 580 1278 pro
597 1187 751 1260 Milone:
769 1218 771 1223 ·
787 1184 911 1279 ltaque
926 1182 1008 1268 hoc,
1024 1187 1170 1269 iudices,
1189 1210 1264 1255 non
1281 1186 1357 1256 sine
1410 1186 1513 1267 volo,
1539 1185 1632 1253 idem
1659 1198 1776 1253 mater
1788 1186 1882 1266 vult,
1910 1186 2006 1277 quod
2030 1198 2165 1268 mater,
2191 1185 2287 1253 idem
2307 1183 2407 1258 The-

370 1314 492 1360 caussa
515 1290 605 1358 lictis
624 1289 754 1358 fabulis
772 1284 1147 1360 doctissimihomiues
1162 1287 1357 1356 memoriae
1410 1287 1598 1371 mistocles,
1613 1290 1712 1379 quod
1730 1282 1997 1372 Themistocles,
2015 1287 2110 1383 idem
2126 1288 2281 1379 populus
2290 1286 2405 1359 Athe-

369 1393 626 1485 prodiderunt,
661 1415 763 1472 eum,
790 1391 850 1483 qui
879 1391 992 1481 patris
1018 1390 1208 1460 ulciscendi
1236 1413 1356 1457 caussa
1408 1388 1561 1471 niensis,
1589 1412 1673 1478 ergo
1696 1390 1795 1482 quod
1819 1412 1884 1479 ego
1900 1391 2005 1471 volo,
2037 1389 2136 1458 idem
2150 1390 2230 1458 vult
2247 1394 2404 1482 populus

369 1506 522 1562 matrem
544 1493 758 1574 necavisset,
784 1492 932 1560 variatis
954 1487 1142 1560 hominum
1163 1490 1358 1578 sententiis,
1408 1485 1648 1560 Atheniensis.
1718 1489 1988 1580 Elegantissime
2015 1491 2150 1562 Paulus
2172 1492 2212 1560 in
2238 1491 2398 1582 Epistola

369 1619 446 1664 nun
468 1597 584 1665 solum
607 1591 784 1676 humana,
817 1596 879 1663 sed
902 1606 938 1663 et
960 1595 1047 1663 deae
1076 1593 1358 1684 sapientissimae
1410 1594 1457 1660 ad
1479 1590 1741 1687 Hebraeos⁷⁸):
1775 1593 1984 1662 Sacerdotes
2005 1592 2256 1664 Mosaicisunt
2284 1596 2401 1665 mino·

370 1697 545 1767 sententia
565 1697 768 1765 liberatum.
808 1694 973 1786 Apologo
988 1720 1051 1766 seu
1066 1719 1171 1779 aeno,
1197 1696 1246 1765 sic
1261 1695 1357 1763 enim
1410 1717 1467 1763 res
1486 1689 1713 1776 Abrahamo,
1744 1689 1972 1765 Abrahamus
1994 1695 2115 1764 minor
2135 1708 2187 1766 est
2211 1693 2403 1767 Melchise-

369 1800 482 1868 ierme
499 1798 693 1889 Aesopicos
711 1798 883 1888 apologos
898 1809 1048 1880 vocant,
1073 1823 1157 1868 usus
1174 1809 1227 1867 est
1243 1796 1358 1867 Hora·

370 1897 518 1994 tlus⁷¹):

372 2015 481 2128 Quod
497 2035 526 2103 si
541 2058 599 2100 me
614 2033 767 2124 populus
782 2031 969 2101 Romanus
983 2034 1076 2101 forte
1091 2046 1212 2124 roget,
1238 2056 1301 2104 cur

310 2176 313 2181 ·
370 2135 469 2220 Non,
487 2148 529 2203 ut
544 2135 758 2225 porticibus,
785 2134 835 2203 sic
849 2134 988 2203 iudiciis
1002 2136 1102 2203 fruar
1118 2136 1256 2220 iisdem,

370 2238 446 2310 Nec
476 2261 624 2329 sequar,
657 2261 699 2304 ac
726 2236 880 2325 fugiam,
915 2260 1007 2329 quae
1033 2237 1150 2355 diligit
1176 2238 1271 2328 ipse,
1304 2238 1360 2357 vel

371 2439 468 2507 Olim
487 2440 585 2531 quod
600 2438 723 2528 vulpes
738 2451 885 2540 aegroto
899 2340 1126 2508 'candilitdni
1230 2422 1232 2426 ¹

369 2540 592 2632 Respondit,
617 2542 788 2608 referam:
814 2541 899 2633 quia
919 2564 976 2608 me
991 2542 1138 2632 vestigia
1153 2554 1301 2625 terrent,
1329 2572 1332 2583 ·

371 2637 505 2714 Omnia
522 2655 558 2710 te
576 2644 763 2711 adversum
782 2642 999 2732 spectantia,
1032 2645 1128 2712 nulla
1149 2654 1359 2715 retrorsum.

369 2775 558 2846 Paroemia
584 2800 667 2845 usus
684 2788 737 2846 est
749 2774 800 2845 M.
818 2775 943 2845 Cicero
959 2802 1027 2869 pro
1046 2778 1087 2850 L.
1102 2779 1251 2863 Flacco,
1276 2804 1360 2871 pro-

370 2867 493 2948 verbio
514 2878 620 2947 fidem
640 2877 788 2947 testibus
804 2877 1000 2969 abrogans,
1027 2907 1099 2975 quo
1117 2881 1264 2967 dicitur:
1301 2880 1358 2950 Da

369 2992 535 3050 mutuum
568 2978 826 3050 testimonium.
886 2980 1075 3053 Parabolis
1101 3009 1200 3054 sacra
1227 2979 1359 3053 Christi

371 3081 533 3152 doctrina
558 3080 687 3147 relerta
710 3081 773 3149 est'.
825 3080 942 3151 Adiici
966 3096 1000 3151 et
1022 3109 1175 3175 gnomae
1199 3109 1262 3154 seu
1279 3110 1358 3157 seu-

370 3182 503 3250 teutiae
518 3193 674 3271 possent,
699 3182 803 3273 quale
819 3195 872 3250 est
885 3182 973 3252 illud
992 3209 1059 3276 pro
1074 3185 1248 3256 Deiotaro
1263 3189 1358 3279 apud

369 3282 421 3353 M.
439 3280 667 3353 Ciceronem:
698 3280 856 3353 'Pereunt
880 3285 1005 3370 amici,
1031 3288 1117 3358 dum
1132 3288 1269 3359 inimici
1285 3286 1357 3359 una¹

368 3384 596 3467 intercidant,
623 3397 659 3453 et
672 3384 805 3457 Paulus
822 3389 940 3478 graeci
955 3402 1082 3479 poetae
1099 3392 1272 3462 versiculo
1289 3393 1359 3462 uti·

368 3501 428 3558 tur
450 3487 487 3554 in
512 3482 709 3557 Corinthiis
723 3483 789 3583 ⁷¹):
833 3489 1079 3582 Corrumpunt
1100 3493 1216 3564 honos
1240 3519 1358 3566 mores

369 3591 658 3659 conversationes
673 3613 817 3680 pravae.
868 3590 937 3661 Sed
954 3594 998 3661 de
1012 3588 1068 3664 his
1086 3593 1124 3663 iu
1139 3597 1226 3665 locis
1242 3598 1362 3692 plura.

263 3684 270 3695 ⁸
367 3689 473 3762 Nunc
495 3690 580 3759 satis
605 3690 651 3760 sit
676 3693 922 3777 admonuisse,
946 3689 1035 3765 haec
1058 3698 1103 3765 ad
1118 3699 1270 3791 exempli
1285 3700 1358 3769 for·

367 3816 486 3873 mam,
513 3814 605 3884 quae
623 3792 729 3881 plane
745 3792 1005 3886 simplicissima
1024 3811 1096 3882 est,
1121 3802 1313 3892 pertinere.

638 3957 700 4027 De
726 3965 1088 4038 coacervatione.

471 4093 630 4184 Cognata
653 4094 858 4187 syllogismo
875 4102 1098 4170 coacervatio
1116 4117 1186 4185 est,
1213 4131 1281 4198 qua
1299 4132 1355 4179 res

367 4196 524 4266 eiusdem
549 4195 705 4279 ordinis,
733 4222 796 4267 ceu
819 4200 1029 4288 gradatione
1054 4207 1208 4297 quadam
1225 4231 1355 4278 conne-

367 4312 530 4381 ctuntur,
556 4312 613 4380 ut,
640 4301 737 4392 quod
760 4298 899 4371 Laurus
921 4316 991 4385 est,
1019 4306 1127 4373 arbor
1152 4320 1225 4391 cst,
1256 4315 1353 4403 quod

365 4402 475 4469 arbor
500 4412 569 4481 est,
594 4401 789 4471 substantia
814 4415 886 4485 est,
911 4428 996 4494 ergo
1020 4411 1116 4499 quod
1130 4406 1271 4481 Laurus
1291 4428 1353 4500 est,

364 4502 562 4572 substantia
581 4514 644 4571 est.
697 4502 886 4574 Conclusio
903 4508 1154 4599 syllogisticam
1179 4512 1362 4602 imitatur,

365 4628 458 4686 cum,
484 4627 576 4698 quae
592 4608 811 4696 praecedunt
826 4610 1080 4697 pronuntiata,
1105 4637 1180 4681 non
1197 4614 1269 4684 sint
1283 4619 1361 4716 syl·¹

363 4705 523 4796 logistice
549 4706 750 4776 coniuncta.
811 4708 938 4779 Graeci
962 4707 1055 4780 hanc
1078 4720 1352 4805 argumentandi

363 4808 518 4876 formam
540 4809 658 4878 Soron
680 4833 742 4879 seu
765 4809 908 4880 Soriten
936 4826 1076 4885 vocant.
1134 4811 1351 4889 Aristotelici

363 4910 484 4997 regula
508 4914 662 5004 quadam
689 4911 726 4979 iu
741 4913 1038 5001 praedicamentis
1055 4919 1264 5009 expediunt,
1289 4923 1350 4993 ubi

363 5009 510 5078 docent:
541 5011 724 5106 Quidquid
749 5016 793 5084 de
812 5016 997 5108 superiore
1018 5019 1168 5107 dicitur,
1196 5022 1289 5093 idem
1307 5027 1351 5095 de

361 5110 531 5179 inferiore
549 5113 618 5180 dici
633 5139 755 5204 posse:
782 5113 893 5187 homo
908 5133 959 5190 est
976 5121 1122 5205 animal,
1149 5125 1282 5195 animal
1300 5121 1360 5199 est¹

362 5236 514 5304 corpus,
547 5209 657 5283 homo
686 5217 854 5315 igitur⁷’)
884 5236 936 5291 est
968 5248 1108 5316 corpus.
1163 5224 1200 5295 ln
1227 5254 1352 5321 perve-

361 5313 552 5405 stigatione
580 5338 700 5385 rerum
725 5322 1056 5396 obscurissimarum
1087 5327 1246 5402 videmus
1271 5334 1350 5404 usui

359 5416 466 5486 fuisse
482 5416 626 5486 Soriten
651 5420 775 5492 doctis.
827 5423 866 5493 ln
891 5423 986 5497 hunc
1008 5429 1119 5500 ferme
1141 5436 1289 5504 modurn
1316 5449 1351 5505 et

393 5618 443 5686 71)
462 5622 559 5671 llorat.
579 5622 667 5686 ltplst
685 5622 707 5688 1,
721 5628 748 5690 1,
762 5623 887 5680 ao-rs.

394 5704 442 5771 ⁷2)
460 5708 480 5759 l.
501 5708 623 5759 corinth.
646 5711 689 5774 tt,
702 5710 745 5763 88.
929 5763 931 5765 .

392 5790 441 5855 73)
459 5794 540 5846 bonu
557 5795 659 5860 igitur]
682 5797 725 5849 sle
742 5798 826 5848 ltdltt.
842 5800 865 5849 1.
877 5800 921 5865 25
944 5800 995 5854 M.
1007 5802 1032 5853 2.
1051 5801 1137 5868 lgltnr
1153 5806 1234 5860 bono

1411 1791 1596 1889 decho⁷⁶),
1621 1795 1771 1865 Mosaici
1788 1797 1897 1886 igitur
1913 1798 2114 1868 sacerdotes
2133 1799 2296 1869 minores
2321 1814 2406 1870 suut

1291 1944 1293 1948 -
1357 1962 1359 1969 ,
1411 1893 1765 1993 Melehizedeeho⁷⁶).
1816 1895 1894 1967 lam
1908 1894 2069 1969 Christus
2093 1912 2145 1970 cst
2169 1904 2406 1973 sacerdosse·

1411 2002 1567 2069 cundum
1584 2000 1747 2069 ordinem
1767 1995 2110 2094 Melchisedechw),
2129 2002 2238 2091 igitur
2257 2001 2404 2075 Christo

1411 2102 1569 2171 minores
1583 2114 1667 2170 suut
1682 2103 1882 2175 sacerdotes
1900 2104 2059 2173 Musaici.
2105 2103 2212 2174 Valet
2225 2101 2313 2175 haec
2325 2109 2405 2177 fur-

1411 2204 1509 2275 mula
1533 2203 1664 2273 certius
1685 2202 1723 2271 in
1747 2205 1875 2275 ordine
1897 2229 2027 2275 rerum.
2041 2205 2198 2276 eiusdem
2217 2210 2404 2298 praedica·

1411 2304 1541 2390 menti,
1566 2307 1729 2398 adeoque
1743 2306 1783 2374 in
1795 2306 1985 2378 axiomatis
1998 2309 2219 2393 necessariis.
2250 2308 2300 2379 'ln
2317 2335 2405 2380 eon·

1411 2406 1629 2498 tiugeutibus
1651 2431 1726 2477 non
1748 2422 1889 2499 'semper
1913 2423 1995 2502 apte
2016 2410 2197 2501 colligitur
2218 2437 2285 2504 per
2304 2412 2406 2483 Sori-

1412 2521 1492 2592 tcu,
1518 2522 1558 2579 ut
1578 2509 1608 2579 si
1629 2512 1907 2600 argumenteris:
1939 2513 2098 2583 Studiosi
2112 2515 2300 2583 literarum
2319 2529 2409 2585 sunt

1412 2624 1573 2681 amantes
1590 2611 1674 2694 otii,
1700 2613 1870 2683 Amantes
1882 2615 1954 2681 otii
1966 2626 2056 2684 suut
2075 2639 2218 2706 segnes,
2240 2617 2407 2687 Studiosi

1411 2712 1519 2802 igitur
1541 2713 1726 2782 literarum
1749 2727 1834 2784 sunt
1852 2739 1987 2805 segnes.
2047 2715 2122 2785 lam
2147 2732 2183 2786 et
2206 2721 2407 2788 observan-

1411 2817 1496 2885 dum
1512 2828 1584 2898 est,
1610 2827 1650 2883 ut
1672 2817 1875 2906 argumenti
1898 2831 2017 2906 partes
2036 2822 2161 2888 eadem
2176 2820 2273 2889 inter
2286 2844 2325 2891 se
2339 2826 2406 2888 ra-

1411 2918 1508 2987 tione
1541 2918 1789 3003 conferantur,
1828 2931 1868 2987 ut
1897 2919 1935 2987 in
1961 2921 2143 3010 superiore
2167 2935 2407 3011 argumento,

1411 3019 1511 3088 aliud
1522 3020 1785 3104 studiosorum,
1812 3019 1909 3089 aliud
1926 3023 2080 3111 segnium
2095 3023 2208 3091 otium
2227 3035 2293 3094 est.

1428 3174 1432 3181 ·
1511 3154 1703 3246 Captiones
1719 3157 1893 3250 quaedam
1911 3157 2070 3251 reliquae
2087 3169 2185 3227 sunt:
2211 3156 2408 3225 Crocodo·

1409 3256 1505 3339 lites,
1535 3255 1745 3350 Asystaton,
1778 3254 2057 3352 Antis'trephon,
2097 3282 2207 3355 quas,
2249 3263 2404 3355 quando

1411 3361 1455 3426 ad
1479 3360 1532 3427 rei
1554 3362 1757 3430 dialecticae
1778 3360 1951 3453 iudicium
1983 3362 2132 3433 nonita
2163 3363 2319 3434 m'ultum
2350 3367 2405 3434 fa·

1410 3462 1523 3550 ciunt,
1562 3464 1672 3535 satius
1697 3464 1815 3533 visum
1844 3467 1896 3535 es't
1920 3463 2099 3551 iimittere.
2156 3464 2277 3535 Facile
2303 3468 2402 3535 enim

1410 3585 1517 3631 omne
1532 3564 1640 3633 fallax
1655 3570 2086 3656 argumentumeluseris,
2111 3570 2141 3638 si
2157 3582 2192 3638 et
2213 3568 2402 3661 collegeris

1409 3665 1447 3732 in
1463 3687 1522 3735 eas
1535 3668 1718 3754 formulas,
1740 3671 2146 3764 qnaspr'aescripsimus,
2167 3673 2399 3765 nequeenim

1408 3767 1503 3836 ullae
1522 3769 1611 3837 aliae
1628 3772 1762 3861 probae
1777 3785 1872 3842 sunt.
1911 3771 1951 3841 ln
1968 3774 2094 3865 primis
2109 3785 2244 3855 autem,
2268 3773 2296 3844 si
2309 3775 2398 3844 sim·

1408 3868 1493 3960 plici
1508 3872 1713 3963 syllogismo
1728 3873 1895 3960 vinxeris,
1921 3887 1957 3944 et
1971 3878 2106 3945 caveris
2123 3877 2332 3967 prudenter,
2350 3900 2401 3946 ne

1408 3971 1496 4064 quid
1518 3971 1750 4063 amphibolon
1779 3985 1841 4046 aut
1867 3977 2071 4068 ambignum
2100 3978 2137 4045 iu
2161 3979 2311 4047 nomine
2340 3991 2404 4049 aut

1407 4076 1517 4142 verbo
1540 4076 1668 4175 ulloi‘)
1689 4077 1783 4147 insit.
1824 4079 2020 4173 Quidquid
2036 4080 2131 4150 enim
2147 4082 2243 4172 apud
2260 4082 2403 4152 Aristo·

1407 4176 1511 4244 telem
1537 4178 1758 4248 fallaciarum
1783 4194 1852 4264 est,
1885 4181 1998 4251 ferme
2023 4183 2190 4273 ambiguo
2223 4184 2403 4275 exposito,

1406 4281 1687 4449 qutdobservata
1717 4283 1830 4373 proba
1865 4284 2061 4377 syllogismi
2092 4285 2228 4369 forma,
2270 4288 2403 4380 depre-

1432 4402 1475 4448 eu
1503 4404 1550 4452 es.

1711 4551 1846 4623 hiber
1872 4511 2083 4646 ¹quartus.

1789 4671 1852 4742 De
1884 4673 2012 4744 locis.

1507 4803 1686 4877 Hactenus
1709 4819 2002 4898 argumentorum
2025 4809 2198 4881 formulas
2222 4813 2397 4903 praescri-

1403 4904 1559 4997 psimus,
1593 4922 1628 4976 et
1648 4908 1759 4980 lineas
1782 4910 1966 4994 duximus,
1999 4912 2127 5005 quibus
2151 4913 2398 4986 circumscribi

1404 5011 1654 5099 aigumentum
1684 5012 1806 5094 debet,
1842 5035 1914 5106 quo
1945 5013 2092 5099 ordine,
2124 5016 2397 5109 quibusmodis

1404 5111 1487 5178 velit
1511 5112 1687 5184 sermonis
1711 5127 1837 5183 natura
1872 5116 2053 5208 compingi
2082 5118 2303 5188 seutentiam
2338 5145 2398 5191 seu

1405 5215 1606 5283 orationem
1642 5217 1688 5285 ad
1722 5218 1948 5307 probandum
1984 5214 2104 5288 thema
2151 5222 2397 5318 quodcunque

1436 5493 1498 5615 uis
1509 5498 1594 5615 petr.
1611 5499 1639 5564 t,
1655 5497 1682 5550 7.
1706 5524 1760 5542 --
1792 5501 1893 5553 huot.
1916 5512 2023 5566 urg:
2063 5501 2173 5554 sorites
2200 5504 2390 5559 Penltnuslr

1500 5580 1559 5619 er.

1437 5650 1486 5717 ⁷5)
1505 5654 1724 5704 melchisedecho
1743 5691 1750 5705 .
1767 5693 1774 5707 .
1791 5694 1798 5707 .
1817 5654 2034 5724 Melchisedech]
2059 5656 2143 5710 Edltt.
2159 5659 2182 5709 t.
2196 5657 2223 5709 8.
2244 5662 2395 5716 Helcltltt·

1473 5721 1542 5772 deco
1561 5759 1568 5772 .
1587 5760 1596 5775 .
1614 5758 1622 5782 .
1639 5724 1829 5794 ustcnrssnee

1436 5803 1486 5871 vs)
1504 5789 1576 5868 uiro]
1594 5808 1637 5858 no
1653 5809 1739 5863 saise
1754 5810 1831 5872 1.s.;
1861 5812 1910 5863 uc
1922 5812 1948 5865 s.
1965 5812 2015 5864 uio
