5534 6700
636 596 788 671 40⁷

630 768 960 859 eligimus
981 819 1002 850 ,
1052 766 1221 860 quia
1269 779 1467 837 tenet
1512 769 1857 863 quasdam
1900 768 2210 839 ditiones
2251 770 2346 839 ad
2385 764 2617 861 Impe-

629 870 820 941 rium
859 868 1348 961 pertinentes?

834 1021 1093 1092 Valeat
1133 1022 1323 1092 idem
1377 1021 1455 1090 in
1490 1021 1742 1106 Gallo,
1794 1021 1921 1117 qui
1955 1019 2491 1105 Mediolanum,
2544 1033 2617 1091 et

629 1126 962 1219 Regnum
994 1124 1450 1208 Arelatense,
1508 1136 1820 1195 veterem
1853 1137 2267 1195 nostrorum
2300 1122 2615 1215 Impera-

629 1242 871 1299 torum
917 1230 1200 1311 sedem,
1250 1229 1329 1295 in
1372 1237 1723 1320 potestate
1765 1252 1891 1299 sua
1939 1222 2177 1297 habet.

626 1355 926 1423 prorsus
976 1329 1076 1400 ita
1125 1329 1397 1414 sentio,
1468 1330 1661 1424 quod
1708 1332 1798 1399 ad
1852 1329 2270 1399 electionem
2334 1328 2613 1413 attinet,

627 1457 779 1503 non
825 1431 1066 1504 minus
1107 1430 1372 1503 accersi
1415 1433 1873 1524 peregrinum
1917 1429 2430 1525 Imperatorem
2476 1432 2614 1500 ele-

629 1548 744 1606 cto
783 1534 1215 1627 Hispanico,
1276 1558 1490 1630 quam
1526 1535 1805 1606 Gallico
1859 1533 2087 1624 Rege:
2161 1534 2440 1605 etiamsi
2484 1533 2612 1603 ali-

630 1663 770 1733 qua
805 1637 1051 1710 subtili
1081 1638 1674 1729 interpretatione
1700 1638 1845 1707 iam
1875 1637 2217 1708 inseritur
2250 1634 2613 1728 Hispanus

628 1740 1102 1824 Germaniae,
1186 1764 1488 1835 eamque
1569 1752 1799 1810 totam
1879 1739 2468 1809 deliberationem
2535 1739 2612 1808 in

630 1856 1010 1938 utramque
1044 1855 1320 1936 partem
1357 1842 1707 1934 disputari
1735 1867 1942 1936 posse
1972 1842 2210 1913 iudico
2234 1896 2253 1926 ,
2298 1854 2366 1911 et
2395 1865 2612 1933 penes

629 1970 765 2017 nos
796 1946 1351 2016 declarationem
1386 1946 1559 2037 legis
1587 1970 1733 2017 esse
1768 1947 2022 2017 sentio.
2096 1944 2608 2038 Quaerendum

628 2049 849 2140 igitur
893 2060 1039 2132 est,
1089 2060 1329 2118 utrum
1372 2049 1463 2119 sit
1493 2048 1764 2120 utiliusa
1865 2047 2019 2140 Ego
2055 2072 2216 2118 cum
2254 2047 2489 2139 cogito
2527 2047 2611 2115 il-

626 2151 772 2220 lam
826 2175 1116 2221 auream
1164 2163 1469 2220 aetatem
1513 2151 1745 2222 nostri
1789 2148 2123 2242 Imperii,
2178 2174 2336 2220 cum
2377 2161 2612 2220 essent

630 2253 1054 2323 coniunctae
1096 2252 1545 2322 Francorum
1598 2255 2043 2345 temporibus
2096 2252 2486 2323 Germania
2541 2264 2613 2321 et

631 2354 905 2434 Gallia;
989 2378 1068 2423 ac
1134 2368 1431 2446 repnte,
1499 2368 1848 2448 quantum
1920 2380 1999 2424 ea
2058 2355 2468 2425 coniunctio
2517 2355 2608 2423 ad

630 2455 1229 2551 tranquillitatem
1314 2458 1689 2526 universae
1768 2456 2106 2548 Europae
2191 2456 2608 2525 contulerit:

631 2558 1061 2627 mirabiliter
1117 2558 1427 2641 afficior,
1496 2583 1770 2654 nosque
1816 2560 2066 2628 beatos
2113 2560 2488 2641 ducerem,
2551 2557 2611 2628 si

631 2685 794 2731 eum
827 2672 1087 2731 statum
1125 2661 1497 2731 restituere
1531 2684 1920 2752 possemus.

835 2813 1200 2885 Divinitus
1241 2827 1481 2885 autem
1515 2839 1710 2885 nunc
1743 2816 1982 2885 oblata
2013 2828 2120 2887 est
2148 2814 2424 2885 occasio
2462 2815 2613 2884 eius

632 2917 740 2987 rei
785 2916 1220 2987 efficiendae.
1355 2915 1599 3009 Quare
1647 2912 1830 2985 nihil
1878 2918 2128 2987 dubito
2177 2942 2305 2988 vos
2348 2913 2612 2987 adhor-

632 3020 812 3104 tari,
866 3019 1066 3089 omni
1096 3018 1335 3089 studio
1364 3031 1446 3088 ut
1483 3020 1855 3091 occasione
1900 3020 2231 3090 utamini.
2331 3020 2482 3091 Nec
2520 3019 2612 3088 ab

632 3119 773 3192 hoc
831 3146 998 3191 meo
1065 3120 1332 3191 iudicio
1375 3121 1732 3212 discrepat
1771 3119 1997 3193 Italia.
2115 3119 2311 3192 Idem
2358 3134 2611 3214 optare

632 3225 781 3297 scio
807 3223 1222 3293 Romanum
1254 3223 1692 3314 pontificem,
1734 3223 2087 3307 Venetos,
2136 3221 2382 3294 Italiae
2413 3224 2614 3317 prin·

635 3327 864 3419 cipes,
917 3350 1000 3396 ac
1046 3325 1367 3396 civitates
1410 3350 1682 3398 omnes.
1785 3325 1964 3397 Cum
2006 3339 2117 3396 tot
2148 3327 2408 3398 iudicia
2443 3353 2614 3398 con-

634 3453 890 3522 gruere
932 3429 1235 3498 videatis
1275 3423 1654 3504 hominum
1697 3429 2431 3522 sapientissimorum,
2480 3455 2614 3500 no-

630 3533 758 3602 lite
803 3530 1208 3602 existimare
1249 3530 1442 3603 leves
1481 3555 1728 3604 causas
1767 3556 1956 3617 esse,
2017 3558 2145 3604 cur
2184 3533 2374 3603 idem
2408 3546 2611 3603 tanto

635 3657 984 3706 consensu
1046 3635 1395 3725 probent,
1487 3647 1558 3704 et
1622 3636 1956 3708 omnibus
2023 3636 2210 3706 votis
2277 3648 2613 3728 expetant

636 3760 911 3807 omnes.
1013 3736 1286 3806 Gallica
1329 3762 1502 3828 gens
1531 3751 1612 3809 ut
1643 3750 1747 3809 est
1774 3763 1941 3808 vere
1976 3752 2276 3829 cognata
2312 3739 2613 3809 Germa-

635 3840 788 3924 nis,
833 3838 934 3908 ita
965 3838 1426 3931 opinionibus
1458 3864 1542 3909 ac
1575 3842 1921 3926 moribus,
1970 3842 2422 3925 liberalitate,
2476 3841 2613 3912 cle-

633 3942 905 4012 mentia
929 3994 950 4025 ,
1021 3942 1324 4033 pietate,
1405 3942 1778 4014 literarum
1841 3944 2164 4029 cultura,
2230 3944 2613 4015 Germanis

637 4044 999 4117 simillima
1056 4057 1184 4115 est.
1286 4043 1380 4114 Et
1427 4047 1620 4141 quod
1655 4058 1970 4130 constat,
2032 4070 2174 4117 una
2208 4059 2314 4118 est
2341 4061 2612 4117 extera-

635 4171 798 4219 rum
841 4146 1220 4217 nationum
1268 4149 1577 4217 maxime
1622 4173 1872 4221 amans
1914 4162 2330 4220 nostrorum
2376 4144 2613 4220 homi-

636 4275 853 4333 num,
938 4262 1020 4320 ut
1080 4249 1376 4341 vestigia
1428 4254 1778 4345 quaedam
1842 4252 2288 4344 cognationis
2343 4253 2422 4323 in
2477 4248 2614 4323 hac

641 4352 793 4443 ipsa
840 4352 1336 4423 benevolentia
1385 4356 1672 4444 agnosci
1713 4356 2010 4446 possint.
2112 4354 2393 4426 Vicinia
2437 4380 2610 4426 vero

645 4477 861 4547 quam
926 4468 1029 4525 est
1090 4468 1499 4547 opportuna
1558 4459 1650 4526 ad
1698 4457 2179 4529 defensionem
2237 4459 2612 4553 utriusque

641 4556 994 4647 regionis,
1041 4558 1098 4628 si
1133 4557 1294 4652 quis
1330 4559 1604 4630 subitus
1636 4562 1981 4631 tumultus
2017 4560 2380 4632 inciderit!
2463 4562 2613 4635 Nec

641 4661 737 4730 ad
771 4656 1018 4728 Italiae
1063 4684 1308 4753 pacem
1358 4665 1698 4732 tuendam
1745 4663 2051 4754 reperiri
2093 4663 2339 4735 utilius
2382 4664 2611 4736 consi-

635 4762 818 4844 lium
889 4774 1122 4854 potest
1186 4764 1686 4836 coniunctione
1750 4762 2008 4836 barum
2072 4768 2376 4837 duarum
2445 4792 2615 4859 gen-

639 4864 864 4949 tium,
933 4890 1241 4960 quarum
1292 4880 1595 4962 utraque
1653 4870 2000 4940 exercitus
2045 4869 2367 4961 ingentes
2417 4871 2615 4964 equi-

640 4980 792 5038 tum
843 4992 926 5038 ac
973 4969 1293 5060 peditum
1345 4972 1728 5056 conficere,
1780 4985 1855 5043 et
1885 4972 2117 5044 Gallia
2153 4974 2616 5066 suppeditare

637 5070 808 5140 belli
866 5095 1172 5156 nervos,
1236 5072 1566 5144 videlicet
1624 5073 1986 5167 ingentem
2050 5075 2195 5144 vim
2247 5076 2617 5168 pecuniae,

640 5185 900 5266 potest.
1003 5174 1098 5244 Et
1147 5175 1314 5269 quia
1360 5201 1509 5246 non
1541 5177 1772 5248 solum
1806 5178 2279 5263 Germaniae,
2327 5182 2452 5250 sed
2483 5178 2620 5249 toti

640 5276 926 5346 nomini
979 5274 1430 5362 Christiano,
1495 5279 1572 5350 in
1631 5275 1770 5352 hac
1836 5281 2180 5352 electione
2248 5282 2619 5366 consulere

642 5379 1017 5452 debemus:
1096 5383 1586 5475 quaerendum
1635 5396 1742 5456 est
1793 5384 2228 5482 praesidia-m
2285 5388 2621 5457 adversus

641 5481 954 5554 Turcica
1000 5507 1228 5555 arma.
1332 5483 1512 5556 Cum
1557 5477 1750 5556 enim
1785 5500 2078 5559 teneant
2107 5487 2252 5558 iam
2284 5501 2618 5582 pacatam

640 5583 931 5669 Asiam,
995 5582 1179 5655 nibil
1225 5588 1522 5657 dubium
1572 5601 1677 5659 est
1723 5615 1970 5662 rursus
2021 5593 2097 5660 in
2138 5589 2431 5685 Europa
2475 5591 2623 5661 bel-

639 5689 794 5758 lum
826 5688 1206 5760 molituros
1241 5714 1412 5761 esse.
1516 5688 1863 5762 Invadent
1891 5693 2347 5765 Pannoniam
2387 5706 2459 5765 et
2481 5691 2623 5764 Ita·

642 5790 842 5862 liam.
959 5789 1043 5860 In
1111 5792 1238 5862 tali
1307 5793 1761 5878 discrimine,
1839 5795 2016 5890 quid
2081 5797 2222 5868 erit
2265 5798 2624 5892 optatius,

753 5908 1119 5975 Bruma.
1161 5907 1375 5977 om
1463 5908 1636 5976 Vol..
1665 5909 1816 5977 XX.

1174 592 1298 669 111.
1396 594 1532 668 DE
1577 593 2134 671 ELECTIONE
2185 595 2318 666 ΕΤ
2370 592 3075 677 CORONATIONE
3130 589 3487 699 cAltoLl
3535 592 3627 668 V.
3680 589 4158 668 CAESARIS.

4546 595 4707 671 498

2722 791 2940 862 quam
2988 764 3507 859 Imperatorem
3559 761 3827 836 babere
3871 766 4299 838 instructum
4353 766 4577 859 copiis
4620 791 4709 840 ac

2720 869 2994 940 viribus
3027 868 3463 940 Germaniae
3496 881 3567 938 et
3597 866 3926 939 Galliae?

2929 1024 3028 1091 At
3074 1035 3363 1105 contra,
3415 1036 3497 1093 ut
3542 1022 3631 1093 de
3677 1020 3986 1114 ingeniis
4034 1044 4117 1090 ac
4161 1034 4421 1093 natura
4469 1023 4703 1114 gentis

2718 1125 3148 1217 Hispanicae
3205 1122 3389 1194 nihil
3445 1125 3720 1208 dicam,
3786 1148 3974 1220 quae
4023 1124 4305 1195 etiamsi
4350 1136 4457 1194 est
4498 1126 4703 1196 belli·

2277 1225 2613 1320 Denique
2719 1253 2881 1299 cosa
2908 1281 2926 1310 ‚
2981 1240 3224 1298 tamen
3257 1252 3407 1297 non
3435 1239 3582 1296 tam
3616 1224 3891 1299 viribus
3919 1239 4218 1320 pugnat,
4270 1251 4487 1321 quam
4523 1240 4703 1301 arte.

2715 1328 2962 1425 ltaque
3007 1330 3205 1399 nulla
3264 1354 3523 1422 magna
3560 1353 3676 1400 res
3716 1330 3807 1399 ab
3843 1329 3944 1400 eis
3975 1325 4284 1398 in'ltalia
4316 1329 4469 1400 sine
4501 1328 4703 1402 auxi-

2715 1433 2830 1503 liis
2877 1431 3330 1504 Germanicis
3382 1445 3573 1525 gesta
3640 1444 3768 1502 est.
3887 1432 4024 1503 Sed
4074 1433 4416 1524 cogitate,
4478 1458 4700 1527 quam

2717 1536 2970 1628 procul
3012 1534 3258 1606 dissita
3295 1535 3420 1606 sit:
3491 1546 3676 1604 certe
3707 1535 3784 1603 in
3815 1535 4067 1605 subitis
4095 1535 4517 1607 tumultibus
4548 1532 4703 1607 non

2717 1639 2986 1730 poterit
3031 1637 3281 1721 nobis,
3337 1638 3450 1706 vel
3494 1634 3780 1720 ltaliae,
3843 1638 3957 1706 vel
3987 1637 4413 1708 Pannoniae
4462 1638 4701 1731 opitu-

2715 1741 2879 1812 lari.
2977 1739 3226 1809 Patria
3264 1752 3367 1811 est
3400 1738 3645 1810 Caroli
3673 1739 4003 1818 Austria3
4059 1765 4150 1809 ne
4179 1735 4366 1809 hanc
4401 1741 4697 1835 quidem

2715 1843 3022 1937 Hispani
3053 1843 3483 1926 tuebuntur,
3537 1855 3644 1927 et,
3698 1853 3779 1912 ut
3810 1842 4095 1926 volent,
4146 1865 4296 1911 non
4331 1838 4697 1935 poterunt.

2714 1945 2883 2018 Non
2913 1945 3104 2014 enim
3136 1944 3273 2015 nisi
3302 1945 3589 2037 exiguas
3622 1944 3865 2036 copias
3893 1946 4114 2014 domo
4144 1945 4464 2028 mittunt,
4515 1947 4700 2017 eius-

2715 2073 2857 2143 que
2905 2047 3011 2116 rei
3057 2034 3268 2119 causa
3300 2060 3442 2131 est,
3509 2050 3704 2143 quod
3736 2047 4315 2140 navigationibus
4347 2046 4698 2140 Hispania

2715 2146 3220 2233 exhauriatur,
3299 2175 3432 2220 nec
3494 2151 3675 2220 coeli
3741 2151 3970 2220 nostri
4030 2150 4454 2241 gravitatem
4524 2148 4702 2223 satis

2712 2246 2898 2322 ferre
2967 2266 3286 2344 possunt.
3401 2251 3533 2324 Est
3599 2265 3669 2322 et
3719 2252 3897 2322 illud
3951 2251 4354 2337 commodi,
4419 2253 4483 2325 si
4533 2276 4700 2323 cum

2713 2354 2945 2426 Gallis
2988 2354 3411 2426 militemus:
3493 2368 3730 2426 vestro
3776 2359 3996 2426 ductu
4044 2356 4288 2425 omnia
4334 2367 4703 2448 gerentur,

2668 2535 2669 2544 χ
2716 2481 2845 2526 vos
2874 2456 2951 2524 in
2982 2456 3253 2547 gloriae
3284 2459 3694 2527 societatem
3734 2460 4115 2527 admittent
4148 2458 4363 2542 Galli,
4416 2457 4701 2531 etiamsi

2666 2554 2669 2609 ἕ
2714 2571 2883 2629 sunt
2927 2559 3245 2648 gloriosi.

3368 2558 3465 2627 At
3506 2559 3629 2627 ubi
3679 2585 3838 2630 cum
3886 2559 4225 2653 Hispanis
4274 2561 4702 2646 militabitis,

2716 2661 2820 2728 illi
2859 2686 2986 2732 vos
3013 2672 3361 2754 tanquam
3400 2662 3759 2753 mancipia
3793 2675 4072 2754 regent:
4143 2664 4279 2756 ipsi
4328 2664 4700 2735 laboribus

2716 2787 2800 2833 ac
2828 2762 3145 2833 victoriis
3176 2763 3426 2834 vestris
3463 2765 3830 2850 fruentur,
3881 2765 4326 2858 praeripient
4357 2762 4700 2850 honores,

2715 2878 3104 2957 praeerunt
3142 2866 3556 2957 provinciis.
3657 2864 3808 2938 Vos
3850 2880 4001 2938 tum
4035 2892 4197 2939 sero
4233 2867 4702 2960 deplorabitis

2714 2968 3131 3039 servitutem
3200 2980 3536 3039 vestram.
3661 2968 3802 3039 Sed
3868 2970 4185 3062 gentium
4240 2971 4698 3040 collationem

2717 3069 3012 3140 omitto:
3065 3071 3154 3139 de
3185 3071 3338 3162 ipsa
3374 3072 3719 3140 electione
3751 3072 4010 3143 dicam.
4086 3072 4322 3142 Tenet
4351 3070 4491 3142 hoc
4521 3087 4701 3143 tem-

2714 3198 2892 3265 pore
2924 3173 3175 3243 Gallus
3210 3173 3748 3258 Mediolanum,
3816 3173 3942 3269 qui
3981 3172 4045 3246 si
4086 3176 4224 3245 erit
4268 3172 4699 3269 Imperator,

2715 3300 2808 3345 ne
2852 3299 3060 3347 causa
3109 3275 3398 3371 quidem
3450 3277 3619 3360 belli
3655 3277 3731 3346 in
3768 3274 3972 3346 Italia
4005 3277 4246 3348 futura
4277 3290 4404 3351 est.
4504 3278 4698 3352 Nam
4758 3274 4764 3280 ’

2717 3381 2913 3475 quod
2948 3379 3199 3451 Gallus
3233 3380 3678 3451 existimatur
3711 3380 4091 3471 Neapolim
4129 3382 4519 3473 petiturus,
4575 3406 4698 3453 ve-

2714 3495 2860 3553 stra
2926 3506 3091 3553 eum
3161 3483 3510 3553 autoritas
3576 3483 3780 3552 facile
3834 3485 3926 3552 ad
3981 3482 4155 3553 alias
4206 3508 4320 3554 res
4372 3483 4699 3558 utiliores

2716 3597 3033 3670 avertet,
3097 3585 3158 3655 si
3199 3580 3552 3655 habebitis
3600 3585 3988 3677 obligatum
4035 3586 4382 3656 beneficio
4432 3599 4699 3660 vestro.

2714 3686 3056 3778 ABelgis
3101 3686 3314 3756 etiam
3364 3686 3787 3771 abstinebit,
3853 3688 3914 3757 si
3959 3688 4330 3781 quiescant
4373 3687 4552 3781 ipsi,
4616 3701 4703 3760 'ut

2714 3791 2978 3859 facient
3051 3802 3277 3874 certe,
3371 3789 3743 3859 conterriti
3808 3789 4241 3860 Germaniae
4323 3815 4701 3878 consensu,

2716 3892 3138 3984 praesertim
3190 3891 3251 3962 si
3296 3916 3445 3961 non
3484 3892 3755 3962 fuerint
3798 3892 4086 3964 irritati.
4200 3893 4351 3966 Nec
4401 3918 4532 3985 ego
4579 3919 4700 3965 ve-

2714 3994 2840 4064 lim
2884 3994 3046 4066 illos
3092 3993 3389 4066 irritari.
3492 3993 3786 4065 Vicinos
3813 3995 4004 4064 enim
4035 3992 4417 4067 habuimus
4442 3995 4700 4089 Belgas

2714 4099 2933 4192 longo
2970 4110 3336 4190 tempore,
3383 4121 3536 4167 non
3569 4099 3800 4169 socios
3833 4085 4147 4189 Imperii.
4252 4097 4515 4169 Nostra
4550 4099 4702 4169 edi·

2715 4213 2826 4271 cta
2884 4195 3067 4270 nihil
3121 4213 3546 4291 morantur,
3617 4199 3879 4271 nostris
3936 4199 4269 4292 periculis
4316 4195 4501 4269 nibil
4547 4203 4700 4272 affi-

2716 4303 3026 4375 ciuntur.
3115 4302 3339 4374 Suum
3372 4303 3736 4397 quoddam
3766 4326 4066 4393 regnum
4097 4302 4197 4372 ibi
4226 4299 4534 4387 habent,
4587 4305 4700 4374 ni·

2714 4403 2868 4475 bilo
2902 4406 3130 4498 magis
3166 4405 3627 4476 coniunctum
3666 4429 3825 4477 cum
3865 4403 4216 4497 Imperio,
4269 4431 4486 4499 quam
4529 4420 4700 4479 sunt

2713 4508 2930 4600 Angli
2962 4522 3088 4579 aut
3119 4508 3337 4580 Scoti.

2922 4663 3172 4757 Quare
3240 4665 3438 4756 quod
3506 4674 3846 4732 verentur
3914 4662 4140 4756 aliqui
4185 4664 4550 4747 futurum,
4616 4676 4701 4735 ut

2718 4765 3113 4840 Germania
3141 4765 3333 4835 bello
3367 4764 3814 4857 implicetur,
3864 4765 3923 4837 si
3951 4764 4215 4854 Belgae
4243 4789 4392 4833 non
4423 4766 4699 4836 obtem-

2718 4881 3059 4963 perarent
3074 4922 3107 4954 ,‚
3156 4869 3284 4964 qui
3325 4868 3631 4959 imperia
3672 4879 3917 4938 nostra
3961 4866 4208 4938 multis
4257 4867 4397 4936 iam
4444 4868 4699 4960 seculis

2720 4982 3225 5046 contemnunt:
3295 4959 3479 5040 nibil
3522 4969 3820 5061 periculi
3865 4983 4007 5054 est,
4067 4970 4345 5040 nullum
4389 4971 4544 5042 sine
4578 4996 4701 5043 ve-

2720 5090 2871 5149 stro
2932 5073 3232 5145 consilio
3295 5074 3563 5144 bellum
3614 5070 3868 5144 Gallus
3925 5072 4267 5144 movebit.
4386 5071 4484 5143 Et
4527 5075 4699 5169 quia

2721 5177 3122 5249 Insubriam
3157 5188 3353 5247 tenet
3379 5188 3708 5268 pacatam
3730 5228 3753 5260 ,
3804 5188 3875 5246 et
3901 5170 4040 5245 hoc
4069 5189 4393 5268 tempore
4429 5179 4700 5269 optime

2723 5284 3109 5353 instructus
3152 5293 3260 5351 est
3302 5277 3637 5349 omnibus
3679 5280 3892 5349 rebus
3936 5280 4027 5348 ad
4076 5278 4339 5350 bellum
4383 5303 4701 5353 necessa-

2723 5385 2884 5455 riis:
2950 5406 3169 5455 unam
3223 5378 3409 5450 hanc
3441 5382 3725 5451 laudem
3746 5435 3768 5466 ,
3818 5407 4043 5452 unum
4078 5377 4217 5451 boc
4252 5383 4466 5454 decus
4499 5384 4707 5474 petit,

2724 5500 2807 5560 ut
2846 5512 2887 5556 a
2929 5485 3193 5558 nostris
3237 5484 3629 5556 cervicibus
3670 5485 3981 5577 depellat
4023 5484 4337 5569 Turcas,
4388 5499 4470 5557 ut
4504 5486 4707 5580 Sely—

2724 5615 2925 5661 mum
2973 5588 3379 5679 ingentibus
3424 5589 3898 5672 successibus,
3951 5612 4034 5658 ac
4075 5587 4527 5658 minitantem
4561 5585 4705 5656 Ita·

2723 5694 2863 5764 liae
2894 5692 3228 5775 exitium,
3281 5691 3654 5762 adoriatur
3688 5691 4020 5762 omnibus
4064 5691 4358 5761 viribus.
4457 5690 4706 5783 Quare

2724 5793 2911 5870 nihil
2937 5793 3191 5868 dubito
3218 5794 3543 5888 polliceri
3558 5848 3626 5967 ,³
3624 5795 4066 5971 {lectionem
4097 5793 4290 5865 Galli
4321 5793 4710 5864 allaturam
