5534 6700
874 659 1021 757 4⁷1

1084 826 1242 900 Etsi
1274 840 1693 897 autemnon
1725 835 1832 895 est
1861 823 2091 896 nostri
2119 823 2453 908 instituti,
2508 823 2858 916 interpre-

875 932 1022 1003 tari
1068 929 1399 1024 genesin,
1451 941 1695 996 tamen
1739 952 1901 997 cum
1948 941 2417 1020 compareant
2462 927 2539 995 in
2588 951 2670 996 ea
2707 950 2860 996 non

879 1037 1224 1106 obscurae
1255 1029 1806 1123 significationes
1836 1030 2110 1122 ingenii
2135 1043 2211 1114 et
2260 1032 2595 1100 fortunae
2626 1027 2861 1098 Maxi-

875 1135 1193 1217 miliani‚
1233 1134 1481 1226 putavi
1511 1134 1869 1227 quasdam·
1900 1133 2325 1204 illustriores
2356 1133 2890 1217 adscribendas,

879 1262 1052 1311 esse.
1136 1236 1325 1311 Nam
1360 1249 1431 1305 et
1465 1235 1921 1327 ingeniorum
1958 1235 2339 1327 descriptio
2393 1241 2507 1325 (ut
2536 1258 2668 1327 ego
2703 1233 2862 1328 qui-

877 1342 1041 1412 dem
1089 1339 1440 1436 arbitror)
1495 1340 1588 1408 ad
1635 1333 2056 1409 historicum
2108 1338 2442 1429 pertinet.
2546 1337 2859 1409 Multum

879 1443 1073 1514 enim
1105 1441 1440 1513 conducit
1469 1441 1544 1511 in
1574 1441 1722 1511 vita
1751 1454 2175 1513 naturarum
2207 1439 2859 1512 dissimilitudinem

881 1545 1380 1629 considerare,
1432 1556 1504 1614 et
1546 1543 1866 1615 fortassis
1900 1567 2053 1613 non
2087 1555 2191 1614 est
2217 1543 2582 1635 ingratum
2616 1542 2861 1612 videre

877 1648 1155 1743 aliquas
1185 1660 1569 1719 eventuum
1600 1645 2173 1738 significationes.

849 1768 856 1775 “
1089 1750 1389 1821 Constat
1434 1761 1671 1820 autem
1719 1749 2096 1818 mirificam
2144 1747 2360 1820 fuisse
2406 1748 2484 1817 in
2528 1747 2863 1817 Maximi-

879 1854 1079 1922 liano
1159 1852 1655 1923 dexteritatem
1740 1851 2047 1944 ingenii;
2134 1852 2341 1923 facile
2426 1850 2864 1942 disciplinas,

880 1955 1119 2025 varias
1167 1968 1394 2038 artes,
1453 1978 1534 2023 ac
1578 1954 1857 2046 linguas
1903 1953 2246 2047 percepit.
2341 1932 2580 2025 Multa
2629 1955 2708 2022 in
2751 1976 2864 2023 re-

880 2056 1166 2151 publica
1207 2057 1656 2148 sagacissime
1693 2057 2053 2149 providit3
2104 2057 2331 2127 multa
2369 2055 2649 2127 consilii
2683 2056 2864 2125 cele-

880 2160 1134 2244 ritate,
1183 2161 1544 2231 interdum
1579 2160 1926 2251 singulari
1959 2171 2111 2231 arte
2145 2160 2360 2230 etiam
2397 2158 2731 2251 perfecit,
2784 2170 2867 2229 ut

878 2259 1065 2332 mihi
1105 2263 1486 2356 cogitanti,
1557 2287 1868 2357 quorum
1913 2275 2236 2334 veterum
2288 2264 2548 2333 ducum
2612 2261 2867 2332 similis

879 2366 1099 2435 fuerit
1115 2419 1136 2449 ‚
1189 2367 1521 2435 videatur
1547 2366 1854 2435 Adriani
1881 2363 2347 2457 Imperatoris
2371 2389 2520 2434 non
2554 2365 2864 2434 multum

882 2466 1279 2540 dissimilis:
1336 2469 1466 2539 etsi
1501 2467 2037 2538 Maximilianus
2073 2467 2187 2536 vir
2225 2467 2484 2536 melior
2511 2467 2689 2551 fuit,
2742 2468 2866 2537 sed

879 2569 1337 2662 ingeniorum
1375 2573 1727 2665 quaedam
1761 2570 1900 2641 fuit
1927 2570 2350 2641 similitudo.

1089 2672 1507 2744 Confert-em
1572 2686 1644 2743 et
1709 2675 1799 2742 ad
1865 2668 2283 2764 Philippum
2352 2670 2866 2752 Macedonem;

881 2778 1007 2848 sed
1052 2775 1588 2846 Maximilianus
1638 2776 1776 2846 fuit
1822 2775 1938 2845 vir
1989 2776 2204 2866 longe
2261 2773 2543 2847 melior.
2593 2766 2601 2775 ⁵
2661 2774 2867 2844 Hanc

883 2879 1154 2971 ingenii
1186 2879 1618 2949 celeritatem
1649 2877 2074 2970 significant,
2120 2877 2549 2948 Mercuriale
2579 2877 2864 2968 signum

882 2980 1109 3072 Virgo
1139 2982 1216 3049 in
1247 2978 1680 3074 horoscopo,
1722 2993 1792 3050 et
1821 2976 2092 3072 Iupiter
2121 2980 2198 3048 in
2216 2978 2537 3071 Virgine,
2578 2993 2650 3050 et
2673 2979 2866 3050 Mer·

885 3083 1122 3153 curius
1164 3084 1243 3151 in
1275 3083 1544 3155 Ariete.
1645 3082 1827 3154 Sunt
1869 3083 2021 3155 eius
2050 3082 2159 3152 rei
2188 3095 2259 3152 et
2293 3082 2474 3152 aliae
2506 3084 2863 3177 quaedam

883 3197 1138 3269 notae,
1192 3209 1370 3279 quas
1402 3185 1819 3257 iudicandas
1850 3184 2183 3280 relinquo
2218 3184 2629 3257 artificibus.
2724 3185 2866 3257 Sed

885 3287 1087 3359 Mars
1113 3286 1190 3356 in
1213 3286 1460 3360 Leone
1488 3288 1566 3358 in
1597 3289 2021 3361 duodecima
2049 3342 2071 3373 ‚
2125 3290 2257 3361 etsi
2294 3288 2864 3382 magnitudinem

888 3390 1113 3460 animi
1143 3392 1379 3477 auxit,
1423 3405 1667 3464 tamen
1698 3392 2014 3484 ingentia
2052 3392 2119 3461 ei
2146 3392 2489 3484 pericula,
2540 3393 2866 3485 ingentes

885 3494 1332 3567 difficultates
1377 3495 1641 3567 attulit.
1740 3495 1898 3565 Hoc
1940 3496 2101 3566 loco
2135 3495 2334 3567 Mars
2376 3495 2863 3589 captivitatem
2911 3555 2912 3559 ,

884 3610 955 3665 et
984 3598 1413 3690 multiplices
1441 3597 1736 3671 insidias
1761 3599 2188 3670 denuntiare
2216 3598 2419 3669 solet.

1087 3696 1172 3767 In
1214 3702 1456 3770 Ariete
1509 3702 1634 3772 ubi
1676 3698 1892 3772 habet
1937 3701 2486 3786 exaltationem,
2554 3700 2678 3772 Sol
2732 3701 2866 3770 im-

885 3800 1068 3892 perii
1110 3802 1469 3893 fastigium
1515 3817 1583 3874 et
1626 3805 1736 3874 rei
1777 3805 2108 3876 militaris
2153 3805 2465 3876 studium
2516 3805 2865 3896 significa-

2122 648 2371 729 PHIL.
2422 649 2651 724 um..
2702 647 3113 723 SCRIPTA
3164 645 3703 724 HISTORICA.

4798 653 4957 733 472

2964 820 3104 901 vit;
3167 821 3488 895 fortassis
3529 836 3602 894 et
3645 823 3832 894 dotis
3877 836 4095 918 atque
4133 819 4596 897 haereditatis
4644 851 4954 920 magnae

2964 923 3441 995 accessionem
3505 925 3928 1017 significavit
3973 925 4097 996 Sol
4158 939 4230 996 et
4273 925 4518 998 Venus
4569 929 4647 998 in
4698 943 4951 1002 octava

2963 1029 3209 1099 domo.
3328 1026 3680 1100 Saturnus
3728 1030 3806 1098 in
3858 1029 4110 1124 quinta
4163 1029 4458 1100 infestus
4502 1031 4641 1102 fuit
4682 1031 4956 1120 liberis,

2962 1129 3307 1200 maribus.
3430 1130 3618 1203 Nam
3683 1156 4081 1223 paucorum
4152 1156 4513 1204 annorum
4566 1135 4956 1207 intervallo

2963 1232 3193 1303 tribus
3246 1231 3453 1317 filiis,
3528 1233 3885 1326 Georgio,
3965 1234 4392 1319 Francisco,
4470 1249 4543 1306 et
4583 1233 4958 1331 Philippo,

2965 1336 3258 1404 orbatus
3301 1347 3429 1406 est.
3553 1334 3762 1406 Luna
3810 1337 3887 1405 in
3929 1340 4139 1408 tertia
4185 1337 4383 1408 auxit
4427 1361 4754 1411 amorem
4804 1367 4955 1413 cre-

2963 1438 3257 1507 brarum
3328 1439 4016 1560 peregrinationum.
4136 1438 4367 1513 Multa
4438 1441 4580 1512 alia
4654 1458 4959 1536 possunt

2964 1534 3442 1632 deprehendi,
3505 1541 3567 1611 si
3611 1543 3771 1636 quis
3814 1542 4138 1613 omnium
4184 1543 4555 1615 stellarum
4600 1545 4754 1671 loca
4785 1546 4952 1617 dili·

2967 1655 3216 1735 genter
3247 1643 3595 1714 conferat.

3172 1795 3312 1867 Sed
3358 1792 3535 1867 haec
3578 1796 3894 1868 breviter
3938 1797 4341 1891 attigimus,
4411 1804 4606 1895 quod
4656 1816 4953 1874 eventus

2921 1931 2922 1937 κ
2967 1896 3193 1993 aliqui
3223 1923 3385 1969 cum
3416 1900 3819 1993 praeceptis
3849 1901 4024 1973 artis
4051 1901 4261 1973 valde
4289 1904 4768 1988 consentiant,
4820 1906 4953 1975 etsi

2966 2024 3100 2093 ego
3147 2001 3438 2096 quidem
3493 2004 3582 2072 de
3626 2004 3766 2072 fide
3812 2002 3986 2074 artis
4027 1999 4167 2074 hoc
4210 2004 4371 2074 loco
4428 2029 4579 2075 non
4632 2006 4952 2100 disputo.

2966 2100 3238 2174 Verum
3273 2099 3462 2175 hanc
3490 2104 4040 2198 descriptionem
4079 2108 4484 2178 arbitrabar
4513 2132 4663 2178 non
4705 2109 4955 2201 ingra-

2968 2198 3115 2275 tam
3168 2231 3314 2279 esse
3357 2206 3435 2276 in
3482 2203 3825 2292 historia,
3879 2210 4301 2300 praesertim
4350 2235 4511 2281 cum
4553 2205 4731 2281 baec
4777 2210 4953 2281 scri-

2967 2309 3221 2380 bamus
3260 2305 3674 2383 bominibus
3704 2311 4044 2395 eruditis,
4096 2314 4357 2408 quibus
4386 2309 4801 2384 huiusmodi
4831 2315 4955 2383 de·

2968 2410 3390 2503 scriptiones
3475 2414 3589 2485 vel
3671 2416 3764 2485 ad
3828 2414 4424 2487 considerandam
4493 2415 4949 2508 ingeniorum

2969 2513 3386 2585 varietatem
3409 2569 3429 2599 ‚
3481 2517 3595 2586 vel
3623 2519 3715 2586 ad
3746 2529 3934 2589 artes
3964 2517 4383 2590 iudicandas
4414 2522 4853 2601 conducunt.

3177 2664 3553 2739 Interitum
3604 2695 3778 2741 vero
3831 2670 4308 2739 Maximiliani
4366 2694 4614 2741 omnes
4658 2670 4951 2762 imperii

2970 2767 3260 2841 ordines
3306 2772 3755 2843 acerbissime
3796 2774 4140 2844 tulerunt.
4270 2771 4501 2844 Nemo
4552 2773 4745 2842 enim
4794 2797 4950 2843 non

2968 2871 3297 2957 dolebat,
3384 2876 3900 2967 rempublicam
3988 2877 4117 2945 tali
4199 2888 4490 2969 tamque
4563 2876 4955 2946 excellenti

2966 2973 3304 3068 Principe
3371 2978 3699 3047 orbatam
3772 3003 3964 3063 esse,
4035 2977 4471 3050 alienissimo
4525 2960 4952 3070 praesertim

2968 3090 3334 3171 tempore,
3410 3103 3570 3151 cum
3622 3081 3932 3151 maxime
3976 3105 4157 3174 opus
4212 3093 4364 3151 erat
4412 3095 4483 3152 et
4531 3081 4832 3152 consilio
4879 3091 4954 3150 et

2968 3180 3194 3250 animi
3227 3183 3725 3274 magnitudine
3758 3187 3849 3254 ad
3880 3185 4300 3276 depellenda
4337 3185 4652 3275 pericula
4673 3237 4696 3269 ‚
4763 3207 4953 3278 quae

2969 3285 3306 3358 universo
3374 3286 3534 3357 orbi
3587 3283 3997 3361 Christiano
4057 3287 4557 3359 imminebant.
4677 3285 4950 3379 Magno

2968 3388 3187 3480 igitur
3229 3391 3425 3461 luctu
3469 3404 3540 3460 et
3589 3392 4046 3464 ornatissimo
4088 3393 4341 3462 funere
4391 3393 4618 3463 elatus
4664 3404 4770 3462 est
4821 3385 4954 3459 he-

2967 3513 3089 3565 ros
3138 3492 3339 3563 omni
3385 3495 3787 3576 seculorum
3837 3495 4187 3565 memoria
4234 3495 4532 3587 dignus,
4597 3506 4842 3589 estque
4872 3494 4953 3562 in

2966 3592 3172 3667 Nova
3226 3595 3510 3669 civitate
3542 3598 3872 3671 Austriae
3912 3594 4291 3680 humatus,
4343 3600 4476 3670 sub
4507 3596 4763 3667 maiori
4797 3619 4953 3680 ara,

2966 3699 3043 3768 in
3075 3700 3344 3792 templo
3376 3703 3583 3773 arcis.

1007 4319 1268 4411 Nota.
1358 4352 1508 4411 Cum
1552 4351 1661 4411 bac
1706 4352 2116 4411 exhortatione
2163 4321 2542 4413 conferatur.
2624 4350 2941 4412 Ulrichi
2982 4351 3073 4410 de
3121 4349 3403 4409 Hutten

3451 4343 3722 4430 Equiti-s
3767 4345 4093 4413 Gerasam·
4131 4347 4224 4409 ad
4265 4345 4622 4429 Principis
4672 4341 4949 4410 Germ-

880 4439 1071 4512 niae,
1130 4445 1210 4497 ut
1253 4431 1499 4495 belluno
1547 4432 1788 4497 Taurois
1832 4425 3146 4513 invebane‚E.2-1mreaeore·a.puzlae·co
3190 4430 3600 4497 Germaniae
3643 4433 3923 4497 concilio
3969 4433 4163 4514 apud
4202 4430 4584 4512 Angustam
4638 4429 4948 4496 Vindeli-

881 4564 1288 4686 litteratim&
1329 4601 1596 4689 ,binfidyt
1640 4604 2429 4690 (mfimber'g,1⁷98.8.)
2489 4629 2550 4688 p.
2582 4605 2762 4671 68—
2784 4603 2891 4668 74.

1215 4518 1423 4582 Anno
1467 4519 1721 4580 domins·
1757 4517 1859 4583 Μ.
1876 4517 1964 4584 D.
1981 4518 2305 4597 XVIII„
2364 4523 2443 4582 de
2488 4541 2603 4603 qua
2646 4522 2883 4581 disserit
2924 4523 3058 4584 Ge.
3102 4521 3376 4601 Wolfg.
3422 4522 3804 4581 Panzerus
3848 4524 3905 4581 in
3948 4524 4128 4581 libro.
4194 4517 4383 4598 ulrici)
4427 4534 4549 4585 Ὀοη
4594 4517 4841 4605 Quum
4881 4535 4948 4584 ιιι
