5534 6700
251 625 333 702 m
480 622 540 696 vt
591 608 2047 704 vennam-nrturflttnosswutott‚aar10‚t)tsclt1tn1‚rrc.
2204 621 2285 693 ’Μ

250 799 464 890 scripturam
487 797 693 866 contuleris.
742 796 872 867 Nostra
894 789 1103 876 methodos,
1131 815 1239 887 quam
1292 791 1363 872 bit,
1390 790 1421 860 si
1440 790 1544 860 voles
1562 789 1627 859 uti.
1678 788 1772 859 Mire
1797 789 1902 879 cupio
1920 788 2032 872 scire,
2056 790 2146 884 quid
2160 788 2280 862 Theo-

249 901 478 994 praefiximus
505 899 680 970 Paulinae
709 899 880 989 epistolae
904 899 950 967 ad
978 897 1163 967 Romanos
1187 894 1240 965 di·
1292 894 1457 983 logorum
1473 915 1687 983 graecorum
1713 887 1846 962 habeat
1865 891 2060 983 bibliopola
2078 907 2194 964 vester
2210 894 2280 965 Co·

251 999 535 1073 ctatamscholis
559 1000 757 1094 nostris²),
792 1012 885 1070 certe
909 1000 1004 1069 viam
1023 999 1089 1069 tibi
1105 998 1239 1068 indica·
1290 995 1437 1086 lurgius.
1489 994 1581 1067 Nam
1604 994 1764 1085 impense
1788 995 1912 1085 cupio,
1948 994 1987 1061 in
2008 995 2122 1064 lucem
2146 998 2224 1080 edi,
2248 997 2282 1069 si

260 1162 264 1177 ,
318 1160 324 1174 ,
412 1162 417 1174 ,
452 1162 456 1175 ,
1291 1099 1353 1192 qui
1367 1097 1466 1188 digni
1482 1109 1566 1169 suut
1581 1098 1643 1190 qui
1657 1098 1831 1188 legantur.
1864 1096 2029 1188 Sipotes,
2049 1122 2194 1191 quaeso,
2213 1123 2279 1168 no·

283 1238 317 1297 η
336 1238 391 1289 flts
404 1239 434 1289 tn
450 1187 699 1300 arguerentur
714 1236 793 1284 sset:
812 1231 944 1295 -npusou
958 1229 997 1282 st
1013 1228 1091 1279 Ιοι.
1290 1202 1548 1271 menclat'uram
1569 1225 1693 1269 eorum
1716 1202 1761 1268 ad
1781 1224 1838 1268 me
1853 1199 1967 1271 mitte.
2016 1199 2105 1270 Vale
2118 1201 2278 1273 feliciter.

377 1616 381 1624 ι
501 1511 617 1595 Idem
644 1474 873 1617 Philippus
903 1505 1182 1619 Melanthos,
1226 1528 1407 1615 quorun
1433 1506 1588 1590 iudicio
1616 1503 1795 1615 legendi
1825 1443 2022 1591 Antores.

353 1711 567 1803 Origenem,
592 1710 848 1790 Ambrosium,
872 1704 1133 1796 Hieronymum
1157 1729 1239 1779 snm
1291 1707 1514 1788 adserimus,
1541 1705 1672 1797 etipse
1695 1705 1829 1775 adserit
1850 1705 1890 1773 in
1911 1705 2030 1775 libello
2054 1708 2096 1776 de
2113 1709 2227 1798 gratia
2243 1718 2279 1776 et

251 1815 384 1886 iudicio
401 1815 490 1905 lege.
540 1813 632 1884 Sunt
647 1812 742 1881 enim
758 1811 797 1879 iu
813 1808 863 1878 eis
877 1831 951 1877 non
968 1831 1097 1898 parurn
1113 1808 1239 1892 multa,
1290 1810 1404 1879 libero
1423 1807 1586 1879 arbitrio.

253 1941 344 2014 quae
376 1916 601 2008 apostolicae
633 1913 819 1983 doctrinae
848 1911 1017 1981 videntur
1044 1910 1239 1983 adversari.
1391 1908 1432 1980 ln
1457 1912 1551 1980 libro
1580 1912 1623 1978 de
1648 1911 1718 1979 fide
1741 1923 1776 1978 et
1803 1909 1971 2002 operibus
1993 1912 2156 2003 quaeris,
2191 1908 2280 1982 haec

253 2021 356 2091 Certe
382 2019 596 2089 sententiam
617 2016 721 2086 Pauli
735 1990 792 2083 ¹ac
819 2009 1085 2105 Prophetarum
1112 2013 1239 2083 Hiero·
1291 2013 1397 2083 velim
1416 2026 1451 2083 te
1464 2014 1611 2106 proprie
1626 2012 1843 2103 intelligere,
1869 2013 1955 2107 quid
1971 2037 2057 2096 nos,
2084 2014 2169 2108 quid
2185 2013 2279 2085 Pau·

251 2147 384 2216 nymus
410 2144 484 2191 uon
516 2133 568 2192 est
600 2114 879 2213 adsequotus⁸).
946 2114 1167 2208 Cyprianus,
1204 2126 1241 2184 et
1290 2117 1599 2187 lusvocetfidem.
1632 2114 1815 2208 Quoniam
1832 2118 1937 2184 docet
1952 2139 2019 2184 nos
2035 2115 2178 2212 fide¹⁰),
2203 2141 2280 2187 non

244 2224 410 2295 'Hilarius
434 2223 545 2314 paulo
569 2219 625 2293 his
644 2235 728 2292 sunt
752 2219 955 2290 solidiores:
1002 2230 1036 2287 et
1057 2217 1096 2286 in
1116 2242 1237 2303 canusa
1292 2219 1459 2311 operibus
1489 2218 1682 2289 iustificari.
1740 2218 1839 2290 Nam
1864 2213 2093 2289 scholasticae
2122 2223 2280 2312 disputa-

252 2327 387 2420 gratiae
407 2338 525 2395 certae
540 2323 762 2417 cyprianum
787 2345 863 2391 non
883 2322 1148 2410 aspernandum
1173 2345 1239 2412 pu·
1291 2323 1407 2393 tiones
1434 2323 1478 2391 de
1507 2322 1576 2391 fide
1602 2316 1693 2390 nihil
1722 2317 1791 2390 huc
1819 2321 1965 2390 faciunt.
2016 2320 2134 2394 Habes
2158 2335 2278 2392 autem

252 2444 312 2510 to;
336 2430 398 2499 sed
414 2427 539 2517 etipse
554 2449 727 2496 nonraro
744 2423 938 2515 scripturas
955 2434 1111 2515 torquet.
1290 2425 1451 2501 libellum
1479 2423 1637 2494 doctor-is
1662 2422 1810 2492 Martini
1834 2419 2003 2508 Lutheri,
2043 2427 2087 2495 de
2115 2427 2278 2495 libertate

354 2527 522 2598 Veterum
540 2551 771 2597 aenovorum
789 2521 1031 2619 (mihicrede)
1047 2520 1153 2615 pauni
1163 2523 1239 2609 [ue-
1292 2523 1482 2597 christiana
1495 2523 1560 2622 ¹¹),
1594 2549 1701 2620 quem
1725 2526 1864 2596 utinam
1889 2549 2030 2619 semper
2053 2528 2280 2599 inmanibus

252 2657 311 2717 re,
345 2632 408 2725 qni
429 2629 536 2722 Legis
566 2644 602 2699 et
620 2630 770 2700 Gratiae
799 2627 992 2715 discrimen
1015 2626 1161 2719 proprie
1186 2626 1240 2693 iu·
1291 2625 1440 2699 hahens:
1481 2630 1576 2699 uude
1607 2628 1694 2722 quid
1719 2629 1825 2710 fides,
1860 2629 1947 2722 quid
1970 2653 2099 2719 opera,
2131 2630 2279 2722 proprie

251 2734 470 2818 tellexerint,
496 2745 532 2802 et
545 2736 641 2805 iuxta
657 2733 762 2801 Pauli
778 2729 990 2811 sententiam
1007 2728 1206 2800 tractarint.
1291 2733 1425 2802 discere
1453 2744 1564 2821 potes.
1631 2730 1677 2801 Es
1700 2742 1740 2799 ut
1764 2755 1939 2801 summam
1966 2726 2072 2803 huius
2095 2733 2279 2802 doctrinae

352 2837 572 2926 Augustinus
603 2835 641 2903 in
670 2834 911 2926 disputatione
930 2835 978 2919 ,de
1002 2832 1136 2923 gratia,
1170 2826 1240 2915 ltoc
1291 2835 1358 2905 tihi
1372 2835 1532 2919 tradam,
1560 2835 1657 2926 quod
1674 2833 1761 2903 dicit
1772 2833 1986 2925 Apostolus,
2011 2836 2080 2905 fide
2097 2834 2281 2907 iustificari

251 2950 390 3007 tantum
407 2941 499 3028 agit,
526 2951 561 3006 et
578 2950 702 3006 contra
719 2937 925 3026 Pelagium,
952 2950 1027 3003 non
1044 2958 1147 3025 posse
1163 2933 1238 3003 sine
1291 2961 1376 3018 nos,
1404 2935 1453 3004 sic
1470 2936 1638 3027 intellige.

251 3041 378 3131 spiritu
400 3052 523 3109 sancto
546 3064 565 3107 a
589 3040 694 3108 nobis
710 3039 787 3106 lieri
803 3040 939 3137 honum
958 3061 1067 3131 opus,
1090 3032 1161 3127 ¹hoc
1176 3048 1239 3119 est,
1393 3036 1569 3107 Historica
1605 3037 1784 3133 cognitio,
1824 3063 1893 3133 qua
1928 3051 2025 3107 certo
2050 3041 2144 3124 scio,
2182 3043 2280 3136 quod

250 3139 341 3210 nihil
365 3167 438 3212 esse
459 3142 549 3211 ullas
572 3154 722 3209 naturae
740 3142 913 3221 morales,
938 3163 1000 3208 seu
1017 3130 1239 3230 philosophi·
1292 3133 1454 3209 Christus
1476 3153 1528 3210 est
1550 3142 1637 3210 deus
1658 3153 1693 3209 et
1714 3134 1825 3209 homo
1848 3153 1913 3210 etc.
1966 3138 2090 3233 Qualis
2113 3156 2164 3213 est
2182 3145 2281 3228 fides,

251 3268 309 3313 cas
332 3245 502 3324 virtutes,
534 3255 569 3309 et
591 3266 713 3310 earum
737 3266 847 3332 opera
870 3243 1134 3332 plauepeccata
1153 3265 1238 3311 esse.
1292 3265 1361 3334 qua
1377 3242 1451 3312 scio
1469 3255 1575 3326 certe,
1597 3257 1658 3312 aut
1675 3245 1794 3326 credo,
1815 3246 1911 3336 quod
1928 3242 2067 3313 Rornae
2085 3247 2280 3340 aliquando

249 3344 300 3415 Et
315 3342 403 3414 haec
418 3358 511 3413 certe
529 3343 718 3434 diligenter
735 3345 917 3434 probatio
933 3344 976 3413 iis
992 3344 1104 3414 libris.
1290 3345 1451 3435 regnarit
1465 3346 1646 3437 Augustus
1663 3344 1815 3420 Caesar.¹
1858 3346 1956 3415 Talis
1974 3341 2141 3417 historica
2163 3358 2281 3438 cogni-

1291 3446 1343 3515 tio
1365 3450 1410 3516 de
1427 3444 1569 3518 Christo
1593 3472 1668 3516 non
1690 3449 1866 3518 iustificat.
1919 3448 1977 3516 Sic
1999 3473 2155 3545 namque
2178 3451 2280 3541 impii

1292 3552 1453 3620 credunt.
1490 3551 1547 3621 sic
1564 3552 1757 3621 daemones
1777 3575 1921 3644 quoque
1938 3554 2098 3623 credunt.
2141 3552 2195 3622 De
2212 3550 2280 3623 hac

1291 3652 1442 3723 sortasse
1463 3653 1540 3723 vult
1556 3652 1705 3743 intelligi
1722 3650 1870 3723 lacobus
1887 3657 1923 3721 in
1939 3678 2001 3723 sua
2019 3657 2202 3727 canonica.

1394 3758 1586 3837 Assensus,
1612 3780 1675 3824 seu
1697 3756 1825 3823 fiducia
1847 3757 1885 3825 iu
1900 3756 2173 3847 promissionem
2190 3762 2280 3829 divi-

1291 3879 1398 3939 nam,
1424 3858 1523 3950 quod
1544 3852 1705 3927 Christus
1725 3882 1791 3948 pro
1813 3884 1871 3927 me
1894 3862 1998 3930 datus
2022 3861 2069 3930 sit
2081 3861 2148 3959 ¹¹),
2182 3866 2280 3957 quod

570 3970 612 4040 1„
638 3972 775 4043 decima
803 3986 917 4063 pane,
1292 3953 1455 4029 Christus
1476 3983 1554 4027 mea
1577 3961 1694 4029 deleat
1708 3974 1872 4050 peccata,
1898 3965 1995 4056 quod
2014 3959 2174 4036 Christus
2191 3966 2280 4033 vivi-

303 4089 435 4159 conm
453 4092 542 4159 duas
561 4092 728 4181 epistolas
743 4092 1034 4183 pelagianorum·
1291 4061 1371 4129 ficet
1395 4086 1470 4144 me,
1496 4057 1585 4131 haec
1608 4065 1695 4132 fides
1718 4075 1771 4132 est
1792 4063 1850 4132 illa
1867 4064 2073 4154 Evangelii,
2097 4069 2278 4160 quaesola

303 4192 435 4262 Contra
452 4190 629 4261 lulianum
646 4195 690 4262 de
706 4194 819 4283 gratia
837 4208 872 4263 et
889 4198 1002 4265 libero
1019 4194 1182 4266 arbitrio.
1291 4161 1531 4283 ἰυὸῑί(ὥθ’
1549 4166 1604 4283 ‚ld
1627 4178 1698 4248 ‘Sta
1724 4160 1812 4234 haec
1832 4167 1907 4235 ⁸⁰¹³
1929 4180 2124 4288 f‘PUlfllur·
2139 4170 2279 4239 1¹⁰bl⁸³

301 4294 356 4362 De
373 4295 605 4386 conceptione
625 4310 660 4365 et
677 4298 804 4386 gratia·
1292 4267 1359 4335 deo
1384 4290 1452 4357 pro
1475 4279 1623 4337 rustttra.
1683 4266 1802 4357 Opera
1832 4282 2062 4361 quantumvis
2090 4275 2280 4343 videantur

302 4395 356 4462 De
382 4398 706 4485 praedestinatione
728 4410 933 4469 sanctorum
957 4412 992 4468 et
1009 4400 1105 4468 bono
1122 4422 1240 4489 perse·
1291 4369 1408 4451 (ΝΜ,
1434 4392 1501 4460 Pf⁰
1520 4368 1652 4440 instilla
1667 4394 1743 4437 ⁰⁰¹¹
1756 4383 1980 4461 reputantur·
2032 4374 2098 4444 Sed
2118 4377 2199 4469 ‘luia
2219 4376 2276 4444 5¹¹³

355 4483 548 4571 perantiae,
1290 4470 1377 4540 fides
1394 4494 1462 4542 nos
1478 4467 1620 4542 Christo
1638 4472 1848 4563 incorporat
1861 4486 1896 4542 et
1911 4474 2054 4560 inserit,
2079 4480 2159 4548 ideo
2181 4480 2279 4548 iusti-

595 3491 636 3563 ln
663 3509 758 3566 sexta
786 3509 900 3587 parte.

302 3615 356 3683 De
373 3626 599 3706 peccatorum
616 3615 753 3685 meritis
772 3627 808 3683 et
824 3616 1045 3687 remissione.
1128 3673 1131 3679 .

301 3717 355 3786 De
370 3718 498 3807 spiritu
517 3729 552 3785 et
565 3717 681 3787 litera.

302 3819 499 3888 Donatum
515 3832 551 3887 et
563 3820 691 3909 gratia.

1291 4572 1458 4657 ficamur,
1485 4574 1521 4643 id
1539 4588 1609 4658 est,
1631 4575 1712 4644 ideo
1728 4600 1794 4646 nos
1810 4578 1887 4646 vult
1900 4591 2068 4668 reputare
2085 4606 2150 4672 pro
2167 4581 2278 4652 iustis.
2401 4630 2410 4648 .

545 4650 586 4721 ln
612 4654 801 4722 undecima
826 4665 941 4743 parte.
1291 4672 1349 4744 Sic
1372 4670 1523 4767 pulchro
1546 4679 1709 4767 exemplo
1726 4702 1802 4746 rem
1820 4679 1893 4769 agit
1906 4681 2100 4771 Apostolus
2118 4684 2155 4751 in
2171 4683 2279 4753 Gala-

302 4770 357 4836 Ad
373 4768 540 4838 articulos
555 4771 743 4862 Augustini
758 4773 846 4842 falso
866 4772 1064 4864 impositos,
1091 4767 1238 4864 rhapso-
1291 4775 1347 4846 tis.
1397 4776 1495 4848 Deus
1514 4778 1682 4870 promisit
1703 4781 1808 4851 nobis
1829 4781 2000 4852 iustitiam
2025 4797 2059 4853 et
2083 4786 2192 4853 vitam
2214 4811 2279 4879 per

356 4870 413 4938 dia
431 4884 483 4940 est
497 4873 615 4941 nescio
630 4875 740 4945 cuius.
1291 4875 1487 4963 Christum,
1513 4882 1727 4973 promissum
1747 4885 1916 4968 creditur,
1942 4910 2026 4976 ergo
2043 4912 2117 4957 non
2130 4889 2199 4959 nisi
2215 4914 2280 4981 per

305 4971 437 5041 Contra
459 4974 671 5064 Pelagianos
684 4971 1032 5075 tinoys‘wouxoir').
1289 4982 1396 5050 fidem
1413 4982 1658 5054 iustihcamur.
1709 4982 1783 5053 lam
1802 4982 2041 5058 uthominum
2060 4994 2279 5065 testamentis

304 5074 357 5143 De
377 5078 592 5166 perfectione
608 5078 774 5149 iustitiae.
924 5075 927 5080 ’
1289 5080 1382 5152 nihil
1403 5084 1485 5154 licet
1509 5083 1716 5156 detrahere:
1752 5088 1800 5156 ita
1824 5113 1940 5182 neque
1963 5090 2030 5160 Dei
2053 5106 2278 5167 testamento.

326 5210 507 5304 ¹Reliqua
536 5238 617 5282 mm
648 5212 779 5281 iuditio
804 5215 893 5305 pege·
950 5215 1042 5285 Nam
1066 5217 1128 5309 quq
1147 5217 1239 5286 fiber
1289 5185 1533 5257 Deus‘autem
1558 5189 1690 5280 legavit
1714 5191 1956 5275 credentibus,
1995 5196 2095 5264 nullo
2128 5222 2275 5289 operum

251 5324 305 5383 est
325 5312 446 5380 infima
471 5328 593 5404 parte,
619 5317 664 5384 de
688 5316 802 5386 libero
825 5318 993 5400 arbitrio,
1020 5321 1239 5409 nonproba-
1290 5302 1472 5380 ¹⁰⁸P²⁰¹¹¹²
1506 5291 1614 5400 {fiam
1649 5293 1769 5383 8¹³5&
1793 5295 1916 5364 vllam·
1978 5295 2075 5389 E‘80
2108 5326 2181 5370 ⁰⁰¹¹
2215 5324 2278 5390 Per

250 5440 350 5495 mus;
378 5428 414 5483 et
438 5416 568 5486 alicubi
590 5443 627 5487 se
649 5431 794 5512 torquet
817 5419 854 5487 in
878 5420 1085 5513 quaestione
1100 5422 1239 5516 quinta,
1288 5463 1495 5479 -—---

250 5517 382 5587 Utrum
406 5519 493 5588 deus
516 5521 608 5588 mala
634 5521 753 5591 faciat.
813 5520 920 5612 Quod
945 5548 1011 5594 nos
1035 5539 1239 5595 constanter

252 5658 368 5670 -—.
378 5662 456 5670 ——-

1326 5572 1374 5631 ¹⁰)
1392 5572 1468 5623 Esco
1484 5583 1540 5623 vor
1556 5572 1584 5624 tn
1602 5583 1690 5637 ωτι
1710 5573 1830 5637 repetita
1843 5579 1896 5627 est.

1326 5660 1374 5717 tt)
1393 5660 1494 5708 anot.
1513 5669 1618 5719 narn:
1646 5653 1757 5711 Luther.
1775 5660 1809 5710 de
1828 5660 1955 5713 ttsertsts
1971 5664 2131 5714 otrtsttsns„

285 5732 318 5794 8)
336 5737 437 5787 Annot
457 5748 560 5800 merga
584 5739 673 5788 Locos
690 5737 862 5801 fllerouynt.
1325 5744 1373 5803 11)
1391 5746 1492 5798 Annot.
1510 5756 1613 5808 nsrge
1639 5745 1754 5795 structa
1771 5744 1799 5795 lu
1818 5746 1966 5798 Gtrtstum.

274 5819 318 5887 ,9)
335 5814 553 5889 immanis
569 5822 648 5890 (tttsrl
660 5822 741 5889 Vll]
765 5823 817 5877 se.
830 5823 906 5876 lm.
922 5816 1150 5893 inmorsus.
1327 5830 1375 5891 ts)
1393 5832 1494 5886 Arent.
1511 5842 1617 5897 urg:
1644 5831 1808 5883 lutilatio
1825 5833 2003 5898 Emgsllcr.

253 5905 438 5968 uxama.
461 5908 567 5969 Orsa.
602 5908 686 5969 Vos..
708 5906 783 5969 XX.
