5534 6700
260 620 343 692 697·
841 613 887 685 V.
938 611 1005 681 DE
1032 609 1171 682 LOCIS
1198 611 1522 684 COMMUNIBUS
1548 613 1711 688 RATIO.
2220 626 2296 700 698

261 815 327 882 pus
345 790 388 856 de
406 786 621 877 prodigiosis
638 788 787 855 deorum
809 784 979 867 cultibus,
1006 807 1047 850 ac
1068 785 1112 853 de
1138 783 1254 852 diver·
1307 782 1387 853 sim.
1438 781 1646 853 Notandum
1663 781 1830 868 adhaec,
1856 786 1886 854 si
1907 788 1993 880 quid
2016 793 2154 882 uspiam
2179 796 2222 863 de
2242 798 2296 867 iu·
2359 799 2366 805 ’

261 915 382 962 sarum
402 889 560 978 gentium
581 889 729 958 diversis
756 886 978 956 ceremoniis.
1029 884 1094 953 Est
1119 881 1254 954 adhaec
1306 884 1401 953 stitia
1418 883 1556 974 insigne
1572 886 1738 955 dixerunt
1753 898 1900 978 poetae,
1935 889 2047 960 sicubi
2073 891 2230 985 epitheto
2256 898 2298 965 il-

263 993 474 1061 accersenda
496 991 604 1064 etiam
626 992 712 1059 fides
729 989 768 1055 in
790 988 945 1070 amicos,
972 987 1011 1053 in
1033 983 1171 1070 hostes,
1198 1000 1253 1055 to·
1305 986 1409 1056 lustri
1424 998 1659 1071 notaverunt,
1683 1001 1723 1057 ut
1739 993 1922 1081 quomodo
1936 1015 2014 1060 eam
2032 995 2120 1063 dixit
2130 994 2297 1088 Orpheus

262 1095 444 1186 tidemque
466 1095 510 1161 de
532 1092 692 1183 perfidia.
742 1087 830 1158 Item
848 1091 895 1160 sit
909 1090 1033 1158 titulus
1047 1088 1252 1158 Beneficeu-
1305 1085 1529 1184 ἄθραυστον
1552 1085 1595 1160 τὸ
1613 1083 1791 1171 συνειὸός.
1842 1090 1917 1159 Iam
1935 1098 2297 1188 senteutiaediligen-

262 1195 367 1288 tia⁸).
426 1194 519 1263 Huic
542 1218 620 1262 cum
646 1216 728 1263 suas
749 1192 881 1282 species
903 1192 1114 1274 subieceris,
1143 1203 1253 1260 restat
1305 1203 1359 1257 ter
1385 1194 1649 1259 coacervandae
1674 1205 1775 1276 suut,
1810 1217 2070 1291 nonnunquam
2097 1201 2143 1267 ad
2166 1201 2295 1269 descri-

262 1297 463 1388 gratitudo,
505 1319 580 1364 non
602 1296 662 1363 illa
690 1294 834 1387 quidem
856 1291 940 1364 huic
969 1293 1145 1376 subiecta,
1186 1317 1252 1361 nec
1302 1293 1474 1374 bendum,
1494 1296 1678 1384 quomodo
1694 1319 1778 1365 usus
1794 1295 1839 1364 sit
1855 1309 1959 1365 autor
1973 1301 2162 1384 sententia,
2189 1327 2295 1395 equa

263 1423 406 1468 rursum
423 1397 623 1480 contraria,
651 1398 713 1467 sed
731 1392 948 1478 adhaerens,
976 1420 1065 1488 eque
1082 1418 1123 1463 ea
1141 1395 1252 1463 veluti
1303 1393 1448 1484 petitur.
1499 1393 1625 1488 Neque
1641 1397 1735 1463 euim
1752 1399 1909 1487 proclive
1925 1414 1978 1469 est
1998 1403 2128 1485 cuivis,
2155 1416 2296 1473 senten-

263 1523 495 1591 eonsequeus.
547 1498 731 1569 Virtutum
747 1522 788 1566 ac
811 1498 980 1568 vitiorum
1000 1497 1163 1567 ordinem
1184 1495 1251 1566 sibi
1302 1495 1372 1564 tias
1405 1496 1667 1589 proverbiaque
1695 1498 1744 1566 sic
1774 1524 1965 1590 usurpare,
2004 1516 2044 1573 ut
2075 1528 2176 1574 suam
2205 1508 2295 1575 refe-

263 1601 413 1695 quisque
443 1626 508 1671 suo
534 1602 647 1691 fingat
671 1600 840 1683 arbitrio,
880 1612 942 1669 aut
964 1623 1007 1667 ex
1028 1595 1251 1691 philosophis
1304 1598 1542 1668 rantiaciem.
1604 1599 1729 1690 Qualis
1754 1613 1806 1669 est
1829 1602 1889 1670 illa
1906 1599 2127 1695 Theognidis
2153 1621 2292 1697 poetae.

261 1715 371 1795 petat.
436 1703 533 1771 Utile
565 1703 751 1773 consilium
787 1715 859 1785 est,
902 1695 1005 1795 quod
1025 1725 1132 1793 supra
1156 1701 1251 1782 dedi,
1301 1696 1439 1769 lustitia
1455 1700 1493 1766 in
1509 1725 1583 1771 sese
1596 1702 1765 1771 virtutem
1780 1706 2027 1794 complectitur
2044 1731 2201 1792 omnem,
2224 1733 2295 1802 qua

264 1807 478 1874 exercendos
506 1805 545 1872 iu
566 1806 654 1876 locis
677 1804 926 1874 communibus
949 1828 1078 1896 genere
1101 1803 1251 1872 didacti-
1302 1801 1419 1871 sicuti
1439 1801 1561 1886 liceat,
1587 1814 1628 1872 ut
1641 1816 1693 1873 est
1709 1828 1792 1875 usus
1812 1805 1850 1872 in
1867 1809 2063 1879 moralibus
2080 1809 2292 1882 Aristotelis.

263 1906 365 2002 col),
405 1908 568 1990 iuvenes,
608 1919 649 1976 ut
671 1905 894 1997 singulorum
912 1919 1080 1976 naturam
1105 1904 1251 2000 vimque
1301 1901 1494 1995 Exempla,
1519 1916 1560 1974 ut
1574 1916 1627 1974 est
1639 1904 1783 1974 Camilli
1797 1908 1841 1975 de
1855 1908 2076 1980 Faliscorum
2095 1912 2294 2001 proditore,

262 2008 407 2100 proprie
430 2007 711 2105 perspiciant¹⁰).
774 2008 978 2081 Plurimum
1000 2034 1043 2078 ex
1064 2033 1106 2078 eo
1131 2007 1250 2079 studio
1301 2005 1408 2076 Bruti
1432 2009 1476 2076 de
1498 2007 1673 2100 Aquiliis,
1707 2008 1836 2077 Manlii
1859 2013 1903 2081 de
1925 2012 2018 2095 tilio,
2050 2016 2149 2107 quod
2168 2027 2294 2082 contra

261 2110 384 2181 iudicii
393 2108 441 2206 ¹¹)
471 2112 695 2203 comparari,
736 2115 940 2205 siquando
971 2112 1010 2180 in
1039 2110 1250 2181 sublimibus
1302 2109 1493 2200 imperium
1518 2121 1721 2200 pugnasset.
1787 2110 1852 2182 His
1878 2113 1940 2206 qui
1970 2114 2179 2184 instruxerit
2206 2139 2294 2199 sese,

262 2215 440 2302 agendum
467 2213 530 2297 sit,
563 2227 603 2284 ut
624 2214 664 2284 in
686 2209 865 2306 theologia
876 2215 944 2314 ¹²),
982 2214 1070 2309 quid
1092 2215 1251 2297 affectus,
1301 2206 1449 2282 habebit
1481 2214 1579 2305 quod
1608 2211 1811 2304 suppeditet
1840 2217 1888 2284 ad
1917 2218 2058 2309 copiam
2088 2241 2227 2308 semper
2255 2217 2295 2284 in

262 2315 348 2408 quid
374 2315 507 2398 virtus,
547 2315 635 2408 quid
658 2314 805 2396 vitium;
849 2317 888 2386 iu
912 2319 990 2386 iure
1014 2316 1129 2401 civili,
1163 2317 1251 2409 quid
1302 2325 1494 2405 promptu,
1520 2314 1550 2383 si
1568 2315 1814 2408 qualecunque
1838 2317 2005 2387 inciderit
2029 2331 2294 2408 argumentum,

261 2416 417 2498 iustitia,
443 2417 530 2509 quid
551 2412 854 2514 ἆκριβοδικαῖον,
888 2419 976 2511 quid
999 2415 1157 2499 ἐπιεικές.
1209 2414 1252 2484 ln
1302 2417 1341 2482 in
1355 2415 1511 2508 aliquem
1525 2415 1687 2485 locorum
1707 2420 1951 2488 communium
1969 2423 2133 2512 pluresve
2150 2422 2293 2504 reserat,

260 2519 421 2608 singulos
450 2531 567 2588 autem
597 2520 695 2590 locos
728 2519 909 2611 pertinent
940 2519 1147 2603 fruitiones,
1190 2519 1252 2587 de·
1302 2529 1343 2587 ut
1357 2516 1482 2585 Cicero
1496 2518 1759 2587 restitutionem
1777 2519 1958 2604 Marcelli,
1992 2523 2294 2606 inclementiam,

257 2620 492 2710 scriptiones,
515 2623 732 2706 sententiae,
755 2636 793 2692 et
807 2624 967 2714 exempla
982 2623 1164 2708 fabulosa,
1188 2646 1252 2693 seu
1302 2620 1426 2712 inqua
1443 2619 1682 2710 praedicanda
1697 2621 1769 2690 dici
1786 2646 1860 2691 non
1876 2637 1995 2713 potest
2017 2648 2126 2718 quam
2151 2625 2293 2716 elegan-
2390 2650 2393 2659 ·

258 2719 442 2794 historica.
494 2724 545 2794 Ut
559 2726 589 2796 si
603 2725 737 2796 iustitia
751 2725 875 2796 timlus
897 2726 963 2812 sit,
987 2725 1056 2794 erit
1076 2725 1152 2796 eius
1172 2724 1253 2793 tini·
1302 2734 1358 2790 ter
1378 2734 1551 2792 versetur.
1606 2721 1758 2793 Causam
1777 2721 1931 2793 Archiae
1954 2725 2037 2793 fecit
2059 2727 2202 2795 laudem
2226 2721 2294 2794 hu-

254 2826 331 2895 tio:
356 2823 493 2897 lustitia
510 2841 574 2912 est,
601 2853 670 2922 qua
687 2829 827 2923 cuique,
849 2831 947 2923 quod
963 2852 1066 2899 suum
1084 2842 1148 2912 est,
1169 2829 1251 2897 red·
1301 2823 1497 2894 manitatis.
1540 2822 1637 2893 llaec
1654 2827 1698 2894 de
1713 2825 1801 2895 locis
1819 2827 2069 2897 communibus
2085 2828 2181 2897 satis.
2222 2825 2293 2896 Ne·

259 2929 370 2998 ditur.
434 2927 655 3022 Descriptio,
695 2931 811 3025 qualis
828 2943 887 3025 pst
907 2933 1003 3022 apud
1027 2930 1183 3001 Gellium
1208 2954 1252 2998 ex
1302 2951 1371 3021 que
1395 2950 1480 2996 vero
1503 2939 1607 3018 putes
1630 2951 1690 2998 eos
1714 2941 1848 2999 temere
1878 2929 2051 3020 confingi,
2091 2954 2133 2998 ex
2157 2927 2293 2997 intimis

260 3026 483 3123 Chrysippo,
514 3046 577 3102 aut
600 3034 697 3125 apud
712 3033 928 3117 Hesiodum,
952 3031 1138 3123 Virginem
1163 3057 1250 3116 esse,
1301 3041 1453 3099 naturae
1481 3028 1623 3101 sedibus
1652 3031 1745 3099 eruti
1772 3032 1909 3101 formae
1940 3045 2023 3103 sunt
2054 3055 2116 3101 seu
2148 3030 2292 3120 regulae

259 3155 435 3224 apparere
457 3136 504 3203 ad
517 3133 613 3206 lovis
632 3137 802 3207 tribunal.
854 3135 1081 3206 Sublicieuda
1104 3135 1248 3205 interim
1302 3131 1465 3201 omnium
1488 3154 1623 3202 rerum.

258 3248 296 3302 et
317 3235 412 3302 ratio
422 3233 468 3328 ¹⁸)
491 3238 758 3322 fabulosorum,
799 3261 862 3308 seu
889 3233 1131 3331 mythologie,
1173 3261 1250 3306 non
1404 3233 1573 3327 Sequitur
1601 3256 1698 3304 nunc
1730 3233 1893 3304 locorum
1919 3235 2147 3329 quorundam
2174 3233 2293 3314 index,

258 3336 320 3405 illa
340 3336 486 3432 quidem
504 3338 670 3431 imperite
687 3353 749 3411 aut
763 3352 897 3409 temere
920 3342 1089 3425 conficta,
1122 3343 1251 3413 seder
1302 3361 1443 3429 semper
1461 3361 1481 3405 a
1496 3335 1655 3408 studioso
1672 3335 1955 3428 locupletandus.
2005 3337 2122 3430 Quem
2137 3335 2222 3404 olim
2238 3333 2290 3405 Μ.

257 3440 392 3511 illustri
406 3441 527 3536 aliquo
549 3456 674 3513 autore
692 3442 823 3535 petita,
843 3456 884 3513 ut
905 3443 936 3513 si
951 3440 1108 3514 lustitiae
1124 3443 1251 3515 Hesio·
1300 3440 1430 3511 Petrus
1442 3439 1658 3524 Fladrunus,
1680 3463 1722 3508 ex
1736 3439 1949 3530 Brisgaudia
1960 3434 2151 3509 Vualkilch
2169 3438 2292 3504 oriun-

259 3543 462 3640 dianam¹⁸)
491 3546 765 3639 descriptionem
797 3571 839 3615 ex
857 3544 1010 3616 Platone
1036 3549 1080 3617 de
1103 3548 1251 3638 legibus,
1302 3545 1381 3626 dus,
1404 3544 1545 3612 aedium
1560 3541 1764 3635 Sapientiae
1777 3542 1946 3632 Friburgi
1960 3543 2139 3623 alumnus,
2160 3538 2292 3628 linguis

261 3637 440 3718 enarres(¹
470 3645 629 3719 Iustitiae
651 3652 704 3721 est
726 3673 845 3722 comes
857 3647 1036 3736 Nemesis,
1069 3649 1251 3720 temerita-
1301 3645 1623 3736 tribuspraecipue
1639 3642 1810 3732 insignis,
1844 3657 1879 3712 et
1894 3656 2107 3734 praeceptor
2121 3665 2197 3709 non
2216 3653 2289 3710 tam

259 3752 307 3821 tis
332 3763 368 3818 et
388 3753 615 3842 arrogantiae
636 3752 843 3822 mortalium
867 3751 1017 3835 vindex,
1059 3754 1134 3824 eius
1164 3752 1250 3820 item
1303 3748 1547 3828 doctissimus,
1574 3769 1681 3837 quam
1707 3746 1814 3813 etiam
1838 3746 2084 3829 fidelissimus,
2110 3740 2293 3834 discipulis

263 3853 454 3945 descriptio
479 3857 655 3928 addenda.
708 3855 811 3926 Gerit
835 3856 929 3925 enim
949 3857 1049 3925 frena
1075 3868 1111 3924 et
1134 3879 1251 3924 amus-
1303 3850 1375 3921 suis
1405 3848 1625 3938 conscripsit.
1691 3848 1765 3939 Qui
1794 3861 2022 3938 praematura
2047 3860 2184 3930 morte,
2217 3867 2292 3913 ma·

1303 3976 1413 4044 gnum
1428 3950 1553 4020 aetatis
1568 3973 1653 4020 suae
1669 3962 1704 4018 et
1717 3962 1880 4019 tenerum
1895 3950 1971 4041 ipse
1986 3950 2190 4041 ingenium,
2215 3970 2293 4016 ma-

1302 4055 1401 4125 ximo
1418 4053 1674 4143 discipulorum
1689 4076 1875 4134 moerore,
1902 4066 1942 4121 ut
1956 4053 2088 4120 maiori
2104 4053 2289 4118 literarum

297 4140 329 4208 ⁸)
348 4141 910 4207 11001]οΜωωῐῧῐθμωωω·
1302 4159 1459 4239 iactura,
1499 4156 1596 4224 velut
1619 4155 1657 4221 in
1678 4150 1788 4222 herba
1814 4166 1957 4224 enectus
1978 4155 2017 4221 iu
2039 4152 2196 4222 Alsatiae
2219 4148 2280 4216 Ru

298 4226 741 4362 a)dqqqqqqpqo,]stcro.1oo2.;
770 4230 820 4281 Μ’
836 4230 912 4280 15³1.
930 4227 1085 4293 diductum
1109 4227 1159 4278 Μ’
1174 4227 1250 4280 Μ’
1302 4263 1413 4330 beaco
1440 4258 1528 4327 obiit
1554 4260 1661 4324 Anno
1688 4254 1911 4327 M.D.XXVl.
1957 4254 2034 4325 XV.
2050 4254 2289 4325 Calendarum

301 4381 559 4500 ¹⁰{,¹ss{,¹,{¹'¹⁰¹⁸¹¹‘']
586 4382 629 4433 ue
645 4382 696 4435 re
710 4381 804 4449 rom,
828 4382 913 4440 ratu
926 4381 1020 4449 acac,
1047 4382 1122 4435 rosa.
1138 4381 1251 4448 perusa-
1301 4360 1562 4436 Novembrium
1577 4359 1637 4452 ¹⁶).

301 4533 349 4601 1¹)
367 4535 477 4598 indicti]
493 4538 544 4590 Ed.
560 4537 635 4589 lm.
655 4536 757 4590 iudicio

302 4617 348 4685 ¹²)
367 4620 532 4689 ‘'⁶⁰¹⁰sst21
549 4624 592 4674 ⁸¹⁰
607 4625 658 4679 ¹³⁴·
676 4626 771 4689 ΜΞ
797 4624 882 4678 ΠΜ·
895 4623 990 4690 ¹⁶³¹·2
1009 4623 1086 4676 ¹⁵⁸³·
1104 4624 1280 4726 t0⁰¹⁰⁸¹³21
1339 4588 2291 4725 ”ltalia3¹:¹3⁰.latttoatlfttttasaltstat}

302 4704 772 4771 ¹⁸)¹’1‘i101111-1lll·¹⁶³³·litet*t
1276 4741 1279 4770 ι
1373 4730 1555 4793 Subsequitur
1578 4730 1663 4780 ludex
1694 4730 1818 4779 locorum
1849 4728 2029 4779 communium
2058 4728 2083 4775 11.
2106 4727 2125 4774 Ι.
2158 4726 2291 4790 omissus,

301 4790 349 4858 u)
367 4791 579 4854 Hesiodium]
595 4796 679 4848 rou.
693 4795 786 4864 loth,
806 4795 901 4863 1582„
920 4796 996 4849 tttt.
1016 4795 1179 4848 nestodleni
1275 4811 1280 4840 ι
1312 4801 1314 4806 ·
1373 4798 1473 4862 qnippe
1491 4798 1537 4862 qut
1554 4809 1610 4849 non
1627 4797 1828 4862 Melanthonts,
1854 4797 1904 4847 sed
1921 4794 2055 4848 Fladrunt
2073 4796 2125 4845 est.
