5534 6700
361 584 440 655 717
463 581 467 585 ’

672 707 840 817 Adfectus

361 856 486 926 Bonus
1089 842 1206 912 Malus

672 948 796 1020 Virtus

363 1059 458 1150 Erga
477 1055 567 1124 alios
1088 1045 1182 1138 Erga
1201 1067 1238 1114 se

673 1149 810 1222 lustitia

674 1254 771 1322 Haec
787 1251 934 1323 iustitia.

468 1394 629 1475 Genera,
664 1388 826 1481 Species,
860 1398 895 1455 et
917 1383 1125 1467 ludividua,
1166 1383 1204 1451 in
1235 1380 1355 1450 medio

367 1497 608 1573 collocantur,
634 1491 746 1561 latera
768 1488 990 1559 differentiae
1007 1497 1194 1577 occupant.
1245 1482 1356 1554 Vides

367 1612 486 1671 autem
511 1593 754 1664 circumscribi
777 1591 996 1662 differentias
1013 1602 1215 1684 utcunque,
1242 1611 1357 1680 quan-

367 1701 561 1794 doquidem
581 1719 682 1767 veras
695 1709 730 1765 et
744 1695 948 1787 perspicuas
964 1688 1121 1762 bominis
1140 1702 1263 1782 captus
1280 1713 1356 1758 uun

368 1802 586 1897 adsequitur.

613 1946 673 2017 De
708 1945 1111 2039 praedicamentis.

469 2067 604 2137 Eadem
638 2091 681 2136 ex
710 2089 831 2135 caussa
867 2064 1036 2135 videntur
1060 2063 1205 2134 ordines
1234 2058 1354 2133 rer'um

335 2221 343 2231 .
367 2162 655 2266 praedicamenta
671 2167 807 2250 vocari,
834 2163 906 2258 quo
925 2166 1142 2258 significetur
1157 2165 1196 2234 in
1213 2165 1263 2235 eis
1278 2189 1356 2257 spe-

369 2275 478 2354 ctari,
502 2296 594 2366 quae
611 2294 716 2339 voces
731 2271 811 2339 cum
831 2269 960 2361 quibus
978 2282 1059 2361 apte
1082 2269 1252 2359 coniungi
1275 2292 1356 2360 pos-

369 2378 462 2457 sint,
503 2397 594 2465 quae
636 2373 756 2462 inepte
791 2371 1076 2462 coniungantur,
1114 2383 1222 2465 atque
1254 2374 1357 2452 adeo,

370 2500 464 2570 quae
485 2479 530 2545 de
553 2474 682 2569 quibus
701 2472 902 2564 praedicari
921 2473 1078 2562 possint,
1103 2486 1166 2542 aut
1183 2496 1259 2542 non
1275 2496 1358 2564 pos-
1415 2498 1418 2503 ·

369 2579 453 2650 sint.
503 2577 598 2649 Nam
621 2599 728 2667 supra
753 2575 912 2670 quinque
934 2574 1081 2645 vocibus
1097 2587 1277 2646 ostensum
1294 2586 1358 2658 est,

370 2680 523 2784 speciem
549 2704 628 2750 cum
653 2701 781 2769 genere
802 2673 1014 2762 cohaerere,
1043 2673 1103 2747 bic
1119 2677 1156 2746 in
1173 2679 1359 2769 praedica-

318 2844 320 2849 .
369 2777 513 2866 mentis,
539 2805 709 2874 generum
728 2804 769 2848 ac
785 2779 995 2871 specierum,
1023 2792 1059 2849 et
1074 2779 1357 2871 differentiarum

863 571 941 645 vlt.
992 563 1361 642 COMPENDIARIA
1387 558 1699 634 nlssscrlcns
1722 560 1887 635 RATIO.

2319 571 2392 643 71⁸

1408 757 1612 806 caussarum
1630 748 1664 805 et
1676 731 1876 809 thematum
1892 735 2048 807 civilium
2063 735 2309 837 adomautss),
2327 764 2395 811 un-

1407 839 1451 906 de
1467 840 1681 928 depromant
1697 852 1905 928 argumenta
1923 841 2137 934 figurasque,
2162 855 2237 910 tum
2254 855 2395 912 sentcn-

1407 941 1538 1009 tiarum
1568 953 1644 1010 tum
1673 943 1885 1025 verborum,
1916 942 1963 1009 ita
1995 943 2199 1014 dialecticus
2228 945 2396 1014 iustruxit

1406 1043 1504 1112 locos
1526 1066 1608 1112 suos
1623 1039 1689 1137 1⁴),
1724 1045 1787 1137 qui
1810 1044 2038 1135 suppeditent
2060 1069 2179 1115 rerum
2203 1046 2397 1130 finitiones,

1407 1145 1445 1212 in
1461 1167 1583 1216 caussa
1599 1156 1717 1215 exacte
1735 1158 1770 1214 et
1786 1146 1933 1238 proprie
1953 1149 2158 1232 tractanda,
2186 1159 2221 1216 ct
2244 1147 2283 1214 in
2303 1147 2396 1217 iudi-

1408 1247 1519 1316 canda
1554 1248 1629 1339 ipsa
1665 1242 1862 1318 thematum
1897 1262 2039 1320 natura.
2101 1247 2287 1319 Rhetorici
2314 1250 2396 1334 loci,

1407 1373 1487 1420 cum
1512 1350 1559 1418 ad
1581 1349 1698 1418 civilia
1720 1352 1861 1441 negotia
1884 1352 2110 1443 pertineant,
2137 1377 2211 1422 uon
2226 1365 2298 1428 tam
2316 1375 2397 1421 exa·

1408 1463 1499 1520 ctam
1525 1476 1566 1521 ac
1589 1452 1754 1523 subtilem
1778 1477 1897 1523 rerum
1927 1455 2104 1523 rationem
2135 1455 2397 1547 praescribunt,

1407 1577 1516 1648 quam
1531 1554 1726 1639 dialectici,
1753 1557 1815 1649 qui
1831 1569 2006 1649 quatenus
2020 1557 2097 1625 lieri
2112 1570 2249 1649 potest,
2274 1556 2395 1626 omnia

1407 1656 1654 1749 propriissime
1681 1680 1722 1725 ac
1748 1659 1941 1729 certissime
1962 1659 2166 1752 expediunt.
2236 1659 2396 1728 Proinde

1407 1759 1585 1830 studiosos
1609 1782 1759 1843 moneo,
1785 1775 1825 1830 ut
1849 1763 1992 1831 ordines
2012 1785 2131 1832 rerum
2149 1762 2217 1833 sibi
2234 1773 2396 1832 accurate

1408 1861 1584 1953 digerant,
1611 1862 1784 1956 equibus,
1806 1865 1836 1935 si
1854 1866 1999 1958 quando
2017 1889 2100 1936 usus
2118 1877 2255 1957 poscat,
2275 1887 2396 1933 rerum

1406 1964 1587 2035 finitiones
1608 1976 1742 2056 petant.

1509 2065 1802 2136 praedicamenta
1839 2081 1994 2162 quatuor
2028 2081 2121 2139 sunt.
2180 2066 2398 2150 Substantia,

1409 2171 1610 2263 quantitas,
1637 2170 1810 2264 qualitas,
1836 2169 1976 2240 relatio.
2037 2171 2240 2241 Substantia
2268 2182 2321 2241 est
2341 2192 2397 2239 res

1408 2295 1473 2362 per
1495 2295 1569 2342 sese
1593 2273 1761 2343 existens:
1797 2273 1975 2366 planeque
1997 2275 2053 2354 id,
2086 2297 2159 2365 quo
2183 2299 2246 2343 ceu
2268 2273 2398 2344 funda-

1409 2385 1532 2442 mento
1556 2374 1750 2444 accidentia
1773 2376 1950 2446 nituntur.

1637 2509 1760 2579 Ordo
1788 2509 2172 2580 substantiarum.

1802 2629 2005 2699 Substantia

1629 2746 1632 2750 ’
1640 2722 2190 2772 “Q-sgr*

1578 2779 1759 2871 Corporea
2070 2773 2285 2870 incorporea

371 2885 530 2976 exempla
547 2885 806 2975 producuntur.
856 2878 923 2965 Et,
951 2895 992 2950 ut
1006 2883 1117 2973 paulo
1135 2883 1240 2953 altius
1257 2906 1360 2976 repe·
1404 2892 1961 2937 w
2001 2876 2086 2942 Μ’,
2104 2880 2238 2944 sugerus,
2254 2879 2347 2931 πίει

371 3001 488 3077 tamus
502 2986 681 3054 rationem
696 2982 1090 3079 praedicamentorum,
1116 2984 1263 3079 quidam
1279 3007 1360 3054 cen-

370 3101 449 3160 sent
477 3087 764 3180 praedicamenta
799 3109 873 3156 esse
903 3085 1052 3155 nomina
1075 3098 1257 3172 statuum,
1290 3081 1360 3156 hoc

372 3205 437 3274 est,
457 3189 557 3280 sigua
574 3190 764 3282 quaedam,
789 3187 943 3282 ideoque
957 3188 1056 3269 lilum
1073 3191 1271 3284 quoddam,
1287 3215 1360 3284 quo

372 3294 555 3388 digeratur
576 3291 694 3361 omnis
715 3287 905 3362 artificiosa
931 3291 1068 3375 oratio,
1092 3305 1133 3363 ut
1152 3292 1182 3365 si
1198 3294 1244 3364 de
1261 3291 1361 3364 iusti·

372 3396 422 3465 tia
454 3393 645 3464 dicendum
678 3391 745 3475 sit,
777 3391 936 3484 primum
969 3394 1014 3463 de
1048 3393 1123 3465 eius
1149 3396 1362 3481 substantia,

372 3497 518 3596 quaeri,
544 3518 636 3592 quae
652 3519 710 3566 res
724 3493 783 3579 sit,
806 3506 945 3588 postea,
970 3507 1120 3589 quanta,
1143 3510 1179 3567 et
1198 3500 1237 3568 in
1252 3522 1361 3594 quam

372 3600 506 3672 multos
521 3601 648 3671 modos
664 3610 873 3692 spargatur,
898 3598 1029 3668 deinde
1044 3597 1160 3695 qualis
1174 3590 1239 3687 sit,
1265 3598 1362 3671 utilis

374 3728 422 3773 an
436 3703 594 3787 inutilis,
620 3714 706 3786 cto,
734 3713 769 3770 et
784 3700 822 3769 iu
838 3695 907 3770 hac
922 3704 1097 3772 sententia
1114 3700 1362 3796 Quintilianus

371 3807 460 3890 fuit,
493 3829 603 3899 quam
625 3803 691 3882 etsi
713 3826 790 3873 non
813 3803 1002 3895 improbo,
1035 3816 1159 3876 tamen
1180 3801 1239 3875 bic
1259 3805 1361 3899 sequi

371 3933 447 3980 non
470 3909 557 3978 libet
572 3905 641 4004 ¹¹),
678 3906 854 3989 maxime,
889 3931 969 3977 cum
994 3930 1111 4002 neque
1137 3907 1360 3979 Graecorum

371 4013 484 4097 ullus,
510 4036 601 4107 quos
614 4007 786 4096 viderim,
808 4008 1059 4101 adstipuletur,
1082 4008 1236 4104 proinde
1250 4010 1362 4080 ratio-
1422 4009 1425 4014 ’

371 4141 455 4194 uem
476 4129 512 4185 et
527 4137 631 4185 usum
653 4111 1048 4205 praedicamentorum,
1074 4136 1183 4210 quam
1203 4137 1363 4208 possum,

372 4217 632 4291 absolutissime
650 4214 850 4287 subiiciam.
887 4301 889 4306 Ι
1270 4211 1272 4216 ’

472 4318 768 4391 Praedicameuta
778 4316 825 4408 ¹¹)
839 4329 923 4389 sunt
937 4318 1081 4390 ordines
1096 4305 1230 4390 rerum.
1266 4316 1361 4402 Con-

373 4426 508 4496 ducuut
529 4436 649 4495 autem
669 4419 855 4516 inprimis
878 4421 925 4490 ad
938 4419 1155 4513 colligendas
1168 4419 1361 4507 finitiones,

373 4539 410 4598 et
431 4527 479 4596 ad
502 4524 707 4598 discrimina
730 4523 956 4605 finitionum3
988 4547 1056 4596 nes
1077 4523 1173 4595 enim
1194 4548 1287 4596 unus
1308 4536 1361 4595 est

370 4625 521 4712 liniendi
534 4629 681 4714 modus,
706 4638 749 4697 ut
764 4628 873 4719 paulo
888 4640 970 4720 post
982 4650 1213 4721 exponemus.
1252 4625 1361 4713 Nam,

373 4733 435 4830 qui
465 4755 525 4804 res.
550 4731 587 4799 in
607 4725 703 4801 huns
723 4727 1096 4826 praedicamentorum
1113 4715 1285 4800 'ordinem
1306 4729 1360 4800 di·

372 4859 532 4932 gessere,
561 4834 755 4925 prudentes
784 4856 869 4905 saue
891 4827 1076 4919 homines,
1109 4833 1303 4904 volucrunt
1320 4832 1360 4901 in

371 4941 470 5010 locos
498 4935 673 5034 quosdam
696 4959 904 5008 communes
926 4959 1051 5007 omnes
1070 4959 1128 5021 res
1148 4934 1258 5005 totius
1279 4934 1360 5006 uui-

371 5039 549 5113 versitatis
572 5036 758 5128 colligere,
791 5050 832 5109 ut
853 5039 884 5110 ai
910 5037 997 5132 quid
1022 5050 1224 5109 occurreret
1250 5037 1360 5135 expli·

372 5146 548 5226 candum,
573 5139 849 5224 declarandum,
882 5165 923 5210 ac
945 5142 1206 5224 deliniendum,
1237 5140 1359 5212 statim

371 5272 415 5320 ex
438 5241 737 5340 praedicamentis
759 5255 939 5335 peteretur
963 5246 1038 5316 eius
1058 5240 1228 5315 thematis
1252 5243 1361 5326 ratio,

371 5373 438 5419 cen
454 5373 474 5419 e
491 5345 741 5418 communibus
755 5344 864 5438 locis,
884 5370 945 5418 ssu
960 5345 1211 5418 communibus
1224 5346 1361 5417 lormu·

370 5452 428 5523 lis.
470 5451 597 5552 ¹Atque
618 5461 660 5519 ut
671 5441 837 5528 rhetores
847 5441 946 5518 locus
962 5452 1137 5556 quosdam
1153 5472 1362 5520 communes

374 5593 581 5607 -ῌ-

408 5646 573 5771 Ηὲῐᾞέ
591 5660 696 5717 terga
728 5648 873 5715 sequ-rr
895 5648 924 5699 tn
947 5650 1056 5702 rsttuns
1072 5650 1363 5717 'presules-susum·

408 5784 455 5852 1²)
472 5791 572 5839 annot.
591 5797 699 5854 targa
726 5786 801 5838 um
819 5786 1111 5851 putu-om.

1538 2952 1697 3042 Simplex
1904 2950 2125 3040 Composita.

1412 3052 1580 3137 (ioelum,
1605 3053 1833 3122 Elementum
2010 3045 2018 3171 Ι

1611 3153 1706 3220 tguts,
1725 3163 1786 3216 ser,
1931 3206 1939 3219 ,
1984 3206 1991 3219 ,
2163 3207 2171 3221 ‚

1611 3232 1700 3287 equs,
1718 3223 1803 3272 terre.
1839 3204 2011 3274 lnammrs
2102 3207 2271 3275 Ammata

1821 3304 1910 3372 lepis,
1927 3318 2035 3371 gruna
2192 3304 2200 3378 Ι

1829 3489 1833 3494 -
1931 3444 2093 3514 Sentiens
2145 3442 2229 3513 Non
2245 3441 2400 3511 sentiens

1937 3545 2085 3617 Animal
2205 3542 2327 3634 planta

1617 3737 1619 3742 ·
1694 3649 2242 3771 lutcllectmtum

1693 3803 1814 3873 Homo
2088 3800 2182 3885 Bos,
2208 3798 2328 3871 asinus

1695 3904 1866 3998 Virgilius
2090 3901 2158 3972 Hic
2176 3904 2254 3974 bos.

1515 4024 1556 4098 ln
1582 4023 1678 4124 bunc
1710 4027 1873 4097 ordinem
1908 4025 2027 4118 digere
2059 4037 2095 4093 et
2120 4019 2400 4095 substantiarum

1412 4143 1550 4224 partes,
1576 4144 1616 4202 ut
1631 4154 1779 4214 manus,
1803 4130 1931 4221 pedes,
1953 4139 2128 4198 ventrem.

1514 4234 1667 4329 Reliqua
1697 4232 1986 4325 praedicamenta
2009 4227 2100 4311 tria,
2132 4238 2217 4298 sunt
2241 4224 2402 4298 acciden-

1412 4338 1502 4409 tium
1523 4337 1679 4407 ordines.
1730 4334 1904 4404 Accidens
1918 4344 1990 4415 est,
2017 4332 2114 4425 quod
2130 4328 2179 4399 ita
2196 4327 2402 4401 substantiis

1412 4440 1576 4532 additur,
1602 4452 1642 4510 ut
1665 4461 1790 4508 earum
1811 4448 1960 4507 naturas
1979 4458 2055 4504 non
2069 4431 2196 4502 variet.
2248 4429 2402 4502 Ordines

1412 4556 1484 4613 tres
1503 4556 1603 4614 sunt:
1657 4540 1868 4635 Quantitas,
1893 4537 2078 4634 Qualitas,
2105 4548 2140 4605 et
2161 4558 2287 4606 eorum
2308 4555 2402 4626 quae

1411 4648 1616 4718 referuntur
1632 4646 1678 4714 ad
1693 4643 1804 4714 aliud.

1463 4747 1655 4843 Quantitas
1676 4759 1728 4816 est
1751 4767 1872 4815 rerum
1895 4756 1975 4813 tum
1996 4742 2205 4834 longitudo,
2231 4752 2306 4808 tum
2322 4735 2402 4805 lati-

1514 4852 1622 4935 tudo,
1647 4860 1724 4920 tum
1743 4845 1980 4940 profunditas.

1664 4998 1787 5069 Ordo
1821 4996 2149 5093 quantitatum.

1806 5117 2008 5214 Quantitas.

2114 5213 2277 5287 Discreta

2114 5318 2294 5391 Numerus

1464 5221 1643 5296 Continua

1460 5325 1574 5396 Linea

1463 5425 1675 5522 S'uperlicies

1465 5531 1604 5624 Corpus

1426 5656 1632 5670 ”uu-nn

1451 5721 1464 5771 1
1516 5718 1616 5768 annot.
1633 5725 1740 5779 ιιι-ιε
1765 5715 1831 5767 boot
1851 5713 1995 5766 rbetortst.

1452 5714 1500 5854 ill
1518 5788 1618 5838 bunut
1636 5794 1742 5849 urus
1766 5783 1834 5835 uret
1851 5781 1996 5835 ammas.
