5534 6700
275 563 348 705 ddi
459 627 504 700 V.
554 622 814 698 lllSTORlAE
840 622 1082 721 Quaenam
1109 621 1386 696 REClTh'l'AE
1411 620 1564 697 lN'l'Ell
1589 620 1825 697 PUBLICAS
1850 624 2130 701 Lucrtolttts.
2237 629 2316 708 Μ

275 822 379 892 opem
400 797 597 893 quaesivit,
623 822 643 867 a
662 822 735 890 quo
749 796 1005 888 benigniter⁹²)
1023 808 1189 886 exceptus
1202 808 1268 878 est,
1320 795 1437 865 locus:
1463 792 1670 886 Expurgate
1687 809 1788 867 vetus
1802 796 2018 867 fermentum
2027 799 2087 893 Μ).
2132 796 2194 868 llle
2208 801 2308 890 legit:

276 916 311 973 et
342 926 410 993 pro
440 899 580 971 ratione
612 901 821 971 facultatum
851 895 1057 969 humaniter
1080 899 1190 969 etiam
1214 909 1268 969 est
1320 908 1514 988 expurgate
1536 909 1638 968 vetus
1661 900 1896 981 fermentum,
1922 901 2015 969 sicut
2040 901 2123 973 estis
2147 902 2310 993 asini“).

274 1016 458 1075 tractatus.
516 1002 673 1073 Rediens
695 1014 814 1072 autem
837 1003 882 1071 ad
905 1025 1025 1092 regem
1047 1025 1267 1071 commemo·
1319 998 1520 1090 Respondit
1544 1000 1660 1069 bonus
1683 1001 1829 1092 quidam
1853 1025 1978 1071 senex:
2022 1002 2116 1096 Quia
2141 1006 2311 1075 nolumus

275 1130 360 1177 rans
375 1128 438 1176 sua
457 1106 636 1195 pericula,
662 1128 754 1197 qnae
770 1103 863 1194 regis
877 1128 982 1175 causa
996 1105 1215 1175 sustinuerat
1232 1114 1267 1173 et
1318 1113 1441 1170 nostra
1458 1100 1545 1168 vitia
1563 1103 1608 1168 ab
1627 1102 1882 1174 eruditioribus
1898 1104 2012 1173 taxari
2031 1118 2066 1173 et
2088 1106 2132 1173 ab
2155 1105 2223 1176 illis
2248 1110 2310 1175 do·

275 1233 462 1300 perpessus
477 1220 574 1291 erat,
600 1204 737 1300 eumffl)
758 1219 882 1298 rogat,
916 1218 957 1276 ut
975 1231 1043 1297 pro
1067 1202 1136 1277 hac
1154 1206 1267 1275 fideli·
1319 1202 1411 1285 ceri,
1444 1200 1543 1272 Deus
1565 1203 1690 1287 efficit,
1723 1217 1764 1274 ut
1785 1205 1888 1295 pueri
1912 1229 1978 1277 nos
2002 1219 2154 1297 arguant
2176 1220 2209 1275 et
2232 1233 2311 1277 eru-

275 1325 348 1380 tate
364 1309 529 1403 petitioni
543 1311 638 1400 apud
659 1333 695 1381 se
712 1309 830 1379 locum
853 1310 1053 1402 relinquat;
1086 1307 1268 1399 promittit
1318 1305 1431 1375 diant.
1480 1304 1600 1398 Atque
1622 1306 1673 1373 ita
1694 1330 1855 1376 errorem
1878 1309 2112 1380 adolescentis
2134 1312 2310 1379 convertit

275 1438 349 1483 rex.
401 1411 506 1483 Miles
521 1411 596 1502 ipse
613 1412 703 1503 petit
718 1436 737 1479 a
754 1435 836 1503 rege
850 1412 918 1483 sibi
934 1411 1063 1482 donari
1086 1411 1124 1479 in
1147 1411 1266 1502 proxi·
1318 1407 1355 1475 in
1374 1429 1520 1497 gravem
1539 1408 1835 1480 admonitionem.

275 1539 336 1585 mo
353 1538 448 1607 pago
462 1514 615 1605 agellum
632 1514 815 1585 cuiusdam
839 1514 963 1585 rustici
987 1514 1024 1607 (a
1050 1538 1123 1606 quo
1146 1511 1267 1604 hospi·

276 1617 325 1685 tio
357 1629 522 1708 exceptus
546 1617 650 1710 erat).
715 1617 821 1708 Quod
848 1617 910 1686 ubi
934 1628 1143 1687 consecutus
1165 1628 1266 1696 esset,

277 1732 311 1788 et
333 1720 486 1789 rusticus
518 1719 649 1790 eiectus
674 1731 765 1790 esset
794 1743 836 1788 ex
867 1719 940 1791 suis
973 1719 1266 1810 possessionibus,

275 1844 396 1911 regem
412 1822 501 1891 adiit
516 1844 740 1915 conquerens
758 1823 803 1891 de
818 1821 920 1892 istius
942 1817 1094 1912 hospitis
1118 1821 1266 1912 ingrati-

275 1923 419 2006 tudine,
452 1937 487 1991 et
516 1949 579 1994 sua
611 1925 650 1993 in
681 1948 763 1994 eum
793 1925 962 1995 beneficia
995 1935 1266 1994 commemorat.

276 2025 416 2117 Quibus
432 2025 563 2097 auditis
579 2050 642 2095 rex
659 2027 781 2097 vocari
797 2028 899 2098 iussit
915 2029 961 2097 ad
975 2051 1012 2098 se
1028 2027 1198 2108 militem,
1232 2037 1268 2093 et

276 2128 408 2197 rustico
429 2126 569 2199 restitui
590 2154 672 2200 suas
696 2130 955 2223 possessiones,
985 2128 1091 2199 militi
1111 2152 1198 2199 vero
1220 2126 1267 2197 ob

275 2228 568 2321 ingratitudinem
587 2232 625 2298 in
638 2234 795 2302 frontem
812 2233 953 2325 signum
970 2232 1065 2303 inuri
1082 2228 1268 2302 mandavit

275 2326 332 2400 his
357 2332 493 2403 verbis:
528 2332 707 2425 Hospes
733 2335 954 2427 ingratus.
1012 2332 1146 2429 Estque
1171 2334 1266 2403 insa·

275 2455 344 2503 nus
359 2428 429 2502 hoc
444 2436 554 2503 modo
569 2435 693 2505 lactus.

299 2626 302 2731 J
355 2630 522 2707 CCXVll.
559 2632 772 2732 Κακοζηλία
798 2662 941 2731 prava
968 2638 1192 2723 imitatio,

299 2738 301 2749 '
646 2736 903 2833 liffeclpiet.

382 2875 546 2945 Extincto
572 2872 721 2967 Orpheo
752 2877 863 2968 ipsius
891 2878 967 2970 lyra
997 2878 1129 2948 dicitur
1152 2879 1266 2948 delata

280 3002 353 3049 esse
373 2979 411 3047 in
428 2977 602 3063 Lesbum,
629 3004 738 3072 quam
754 2975 1027 3070 apprehendens
1044 2981 1137 3051 filius
1153 2982 1269 3053 cuius·

280 3083 362 3149 dam
384 3081 575 3172 principis,
613 3082 794 3172 cogitabat
815 3106 853 3152 se
872 3083 1055 3153 ludentem
1079 3080 1267 3175 Orpheum

278 3185 367 3251 fore.
433 3184 590 3252 Putabat
620 3184 729 3273 igitur
750 3209 787 3255 se
810 3184 984 3255 flexurum
1017 3199 1052 3256 et
1084 3199 1267 3257 moturum

278 3308 362 3355 saxa
378 3296 423 3353 ¹et
445 3284 582 3377 sylvas,
601 3285 696 3354 'exiit
719 3298 754 3355 et
773 3286 938 3372 ludebat,
973 3310 1076 3359 canes
1098 3312 1184 3359 vero
1206 3313 1268 3360 au-

279 3387 418 3456 dientes
443 3411 523 3456 eum
545 3399 747 3458 cantantem
770 3401 854 3458 sunt
877 3389 1009 3462 irritati
1031 3403 1067 3460 et
1091 3391 1269 3463 lacerave-

278 3501 367 3558 runt
393 3489 501 3559 istum
529 3489 680 3561 fatuum.
746 3491 804 3561 Sic
828 3492 931 3562 multi
954 3493 1080 3562 volunt
1102 3518 1175 3564 esse
1198 3493 1269 3565 Lu·

278 3587 374 3662 theri
392 3603 427 3659 et
443 3592 571 3661 volunt
592 3591 732 3663 flectere
755 3593 896 3665 animos
918 3589 1128 3679 hominum,
1160 3599 1222 3667 sed
1248 3621 1268 3666 a

279 3693 429 3763 mnibus
450 3693 702 3766 dilacerantur.
762 3693 828 3765 llic
852 3697 943 3767 solet
968 3721 1041 3770 esse
1065 3697 1178 3770 exitus
1201 3725 1269 3771 κα-

278 3789 462 3889 aeganae.

304 3989 487 4071 ccxvht.
529 3998 590 4067 De
616 4001 951 4072 concionatore
979 4003 1237 4074 extollente

580 4099 975 4196 Christopho'rum.

388 4235 631 4332 concionator
647 4240 693 4306 ad
710 4239 884 4332 populum
901 4241 939 4310 in
953 4241 1043 4311 lesto
1060 4240 1095 4312 S.
1110 4236 1270 4314 Christo-

281 4335 390 4434 phori
415 4339 537 4409 multis
561 4339 679 4410 verbis
698 4341 889 4410 extollebat
903 4342 939 4413 S.
957 4339 1271 4436 christophorum,

283 4441 384 4536 quod
411 4441 482 4511 suis
509 4438 669 4512 humeris
699 4443 861 4533 gessisset
887 4441 1088 4531 Christum,
1130 4447 1271 4539 saepius

282 4545 527 4634 interrogans:
568 4542 615 4614 Et
644 4545 723 4639 quis
745 4558 881 4614 tantam
905 4547 942 4616 in
968 4549 1071 4619 terris
1091 4544 1272 4619 habuisset

282 4645 594 4737 praerogativam,
635 4659 675 4718 ut
697 4649 910 4719 salvatorem
938 4650 1072 4721 ferret?
1122 4650 1270 4722 Etcum

282 4747 454 4818 molestus
466 4762 709 4839 perseveraret
729 4751 1006 4844 interrogando,
1032 4777 1125 4824 unus
1141 4779 1184 4823 ex
1206 4753 1272 4823 cir-

281 4851 548 4922 cumstantibus·
574 4848 679 4924 huius
702 4854 996 4945 interrogationis
1019 4857 1141 4926 crebra
1165 4857 1272 4928 itera-

283 4951 382 5022 tione
401 4966 583 5045 pertaesus
601 4955 734 5050 inquit:
771 4957 921 5041 Asinus,
954 4958 1015 5053 qui
1040 4971 1075 5028 et
1097 4960 1209 5029 lilium
1238 4971 1274 5028 et

282 5067 435 5124 matrem
455 5058 626 5148 portavit.

320 5253 469 5327 CClllX.
509 5257 773 5350 Expurgate
800 5272 927 5331 vetus
951 5262 1234 5332 fermentum.

387 5388 482 5459 Novi
501 5394 680 5485 quendam
699 5394 923 5463 canonicum.
976 5393 1089 5477 Huic,
1114 5420 1195 5466 cum
1211 5397 1274 5465 ad-

283 5483 355 5558 huc
368 5492 509 5564 iuvenis
528 5507 625 5578 erat,
651 5494 687 5562 in
703 5495 865 5564 examine
885 5496 1092 5590 propositus
1114 5511 1191 5568 erat
1214 5497 1274 5568 ille

319 5737 370 5803 ss)
389 5740 561 5805 muniar]
580 5742 662 5794 eos:
688 5739 879 5804 samua«

320 5827 372 5886 91)
390 5825 464 5895 eun]
484 5829 568 5881 cod:
596 5840 710 5893 mus

1356 1552 1491 1627 CCXX.
1530 1554 1795 1651 Quemlibet
1821 1583 1916 1628 esse
1944 1583 2091 1650 regem
2120 1560 2166 1629 in
2193 1587 2271 1632 sua

1738 1662 1885 1730 domo

1421 1774 1512 1844 Cum
1536 1798 1599 1843 rex
1615 1774 1787 1867 Anglicus
1814 1776 1900 1844 olim
1926 1776 1965 1844 in
1990 1779 2181 1849 venatione
2208 1802 2228 1848 a
2252 1782 2310 1849 via

1318 1878 1535 1959 deerrasset,
1572 1876 1670 1947 venit
1693 1878 1732 1945 in
1754 1878 1974 1970 tuguriolum
2004 1878 2152 1952 alicuius
2175 1882 2313 1965 rustici,

1319 1978 1380 2075 qui
1413 2004 1494 2049 eum
1525 2003 1594 2071 pro
1624 2005 1686 2050 sua
1717 1982 1862 2051 fortuna
1884 1978 2091 2051 humaniter
2114 1981 2251 2075 excepit
2277 1998 2312 2053 et

1317 2083 1408 2150 bene
1424 2080 1601 2152 tractavit.
1655 2081 1744 2152 Cum
1767 2097 1886 2155 autem
1903 2109 1966 2154 rex
1982 2083 2177 2178 aliquando
2200 2086 2313 2157 nollet

1319 2184 1568 2276 obtemperare
1583 2183 1703 2279 aliqua
1721 2186 1759 2253 in
1775 2210 1836 2270 re,
1863 2187 1978 2257 iussus
1993 2187 2087 2255 enim
2108 2202 2186 2259 erat
2209 2212 2227 2257 a
2252 2214 2313 2259 ru·

1318 2287 1421 2370 stico,
1443 2288 1582 2357 dicente
1597 2290 1695 2383 quod
1712 2288 1863 2383 quilibet
1878 2302 1967 2360 esset
1980 2313 2042 2359 rex
2056 2291 2094 2359 in
2108 2316 2171 2361 sua
2188 2293 2311 2373 danto,

1319 2391 1424 2459 edere
1442 2390 1486 2459 de
1501 2388 1661 2485 'quodam
1680 2390 1781 2475 cibo,
1816 2416 1924 2487 aquo
1942 2417 2005 2461 rex
2029 2414 2200 2464 nauseam
2227 2418 2312 2463 con-

1320 2504 1481 2583 ceperat,
1521 2490 1671 2583 impegit
1693 2493 1844 2565 rusticus
1869 2495 1944 2586 regi
1967 2492 2172 2587 colaphum.
2233 2494 2311 2567 Rex

1320 2617 1460 2663 memor
1476 2592 1670 2677 eiusdicti,
1697 2598 1794 2691 quod
1809 2596 1960 2688 quilibet
1983 2611 2072 2668 essct
2098 2622 2161 2667 rex
2183 2601 2220 2667 in
2246 2622 2310 2671 sua

1319 2698 1450 2781 domo,
1476 2694 1700 2788 obtemperat
1720 2710 1865 2789 postea,
1897 2700 2052 2769 comedit
2067 2702 2110 2768 de
2127 2701 2195 2771 isto
2220 2701 2311 2770 cibo.

1319 2802 1372 2870 Ac
1398 2822 1504 2867 mane
1528 2823 1608 2867 cum
1632 2798 1794 2869 rediisset
1814 2801 1851 2869 in
1871 2803 2013 2884 aulam,
2039 2801 2225 2871 mandavit
2239 2802 2311 2873 suis

1320 2896 1464 2989 aulicis,
1497 2912 1536 2971 ut
1558 2902 1737 2970 adducant
1759 2902 1860 2971 illum
1887 2902 2079 2988 rusticum,
2114 2929 2222 2997 quem
2250 2906 2312 2973 ad·

1320 3004 1465 3072 ductum
1497 3002 1612 3073 voluit
1640 3028 1703 3073 rex
1734 3029 1878 3075 mensae
1905 3006 2059 3077 assidere
2090 3019 2124 3075 et
2155 3006 2313 3098 proponi

1319 3105 1475 3198 plurima
1498 3104 1652 3187 fercula,
1675 3106 1807 3196 etipse
1831 3110 1974 3177 adstans
1995 3108 2115 3203 inquit
2138 3111 2183 3177 ad
2208 3109 2313 3178 rusti-

1320 3232 1419 3278 cum:
1448 3206 1607 3277 Comede
1621 3210 1664 3277 de
1681 3209 1866 3290 omnibus;
1894 3233 1960 3300 ego
1975 3234 2055 3281 sum
2072 3234 2134 3280 rex
2149 3209 2186 3278 in
2202 3213 2312 3278 domo

1320 3334 1413 3382 mea.
1465 3309 1632 3383 Rusticus
1650 3311 1821 3384 obediens
1836 3316 2007 3383 mandato
2022 3315 2122 3404 regio
2136 3316 2181 3384 de
2198 3314 2313 3383 omni-

1319 3415 1386 3486 bus
1400 3414 1544 3486 ferculis
1560 3415 1727 3486 comedit.
1780 3414 1875 3486 Tum
1894 3440 1957 3487 rex
1973 3416 2109 3509 inquit:
2146 3415 2203 3486 Tu
2228 3441 2313 3506 pru·

1320 3517 1463 3589 dentius
1480 3518 1582 3608 egisti
1605 3541 1715 3610 quam
1736 3541 1822 3607 ego,
1850 3518 1934 3611 quia
1959 3518 2077 3588 vitasti
2100 3512 2314 3607 colaphum

1320 3643 1407 3710 ego,
1447 3619 1550 3690 side
1576 3620 1743 3689 omnibus
1774 3620 1917 3692 ferculis
1950 3622 2045 3711 apud
2081 3634 2115 3689 te
2150 3620 2313 3704 edissem,

1320 3722 1430 3792 etiam
1456 3716 1646 3812 colaphum
1672 3721 1850 3792 vitassem.
2025 3711 2031 3721 ’

1321 3871 1472 3945 ccxxt.
1517 3873 1579 3942 De
1614 3897 1756 4044 puerp
1784 3873 1963 4045 Cylgneo
1997 3877 2230 3948 custodito
2262 3879 2313 3948 ab

1760 4001 1842 4069 nge
1872 4003 1920 4048 rs.

1423 4111 1508 4184 Fuit
1529 4115 1706 4206 quaedam
1732 4115 1881 4197 mulier,
1908 4140 2001 4208 quae
2018 4114 2120 4185 iussit
2136 4119 2312 4186 adducere

1321 4216 1433 4286 hlium
1461 4240 1565 4285 suum
1592 4217 1701 4286 boves
1726 4230 1910 4309 pascentes
1942 4218 1981 4286 in
2013 4219 2180 4308 proximo
2213 4219 2313 4288 aditu

1322 4320 1463 4412 sylvae,
1487 4329 1615 4388 etcum
1631 4343 1721 4410 puer
1737 4318 1934 4412 aliquando
1956 4319 2090 4391 diutius
2112 4345 2314 4394 commora-

1322 4419 1442 4504 retur,
1482 4419 1608 4491 incidit
1630 4445 1761 4514 magna
1784 4421 1868 4505 nix,
1909 4446 2001 4517 quae
2025 4448 2150 4494 omnes
2173 4438 2314 4496 montes

1323 4517 1531 4614 obtegebat,
1557 4537 1591 4594 et
1607 4549 1682 4616 nox¹
1695 4525 1981 4615 ingravescebat,
2014 4549 2058 4594 ne
2082 4551 2171 4618 puer
2195 4539 2315 4620 posset

1324 4625 1445 4718 egredi
1466 4649 1508 4696 ex
1533 4625 1726 4698 montibus.
1779 4625 1951 4699 Parentes
1976 4629 2149 4719 postridie
2171 4629 2313 4701 solliciti

1324 4753 1399 4799 non
1419 4729 1465 4796 de
1490 4729 1624 4812 bubus,
1643 4731 1713 4814 sed
1733 4729 1777 4797 de
1795 4754 1931 4820 puero,
1957 4731 2166 4821 spectabant
2183 4735 2315 4802 adven·

1325 4844 1400 4900 tum
1418 4831 1541 4921 pueri,
1566 4855 1631 4900 nec
1655 4844 1822 4922 poterant
1841 4857 1929 4926 prae
1951 4833 2045 4903 nivis
2067 4836 2314 4926 magnitudine

1325 4932 1446 5024 egredi
1471 4946 1506 5001 et
1532 4958 1704 5027 quaerere
1728 4934 1853 5004 filium.
1914 4934 2077 5004 Tandem
2100 4937 2317 5008 invenerunt

1326 5060 1407 5105 eum
1424 5036 1462 5102 in
1478 5035 1577 5128 sylva
1593 5036 1633 5108 in
1652 5038 1734 5108 luco
1758 5037 1902 5128 aprico,
1933 5038 1997 5114 ubi
2019 5038 2118 5108 nnlla
2138 5041 2200 5110 nix
2227 5056 2316 5125 erat,

1324 5140 1504 5209 sedentem
1530 5152 1566 5208 et
1590 5139 1809 5210 arridentem
1831 5140 2041 5232 parentibus
2062 5142 2147 5214 suis.
2203 5140 2316 5213 lnter-

1325 5252 1472 5330 rogatus
1494 5253 1635 5338 autem,
1675 5267 1787 5338 quare
1808 5266 1884 5314 non
1905 5241 2039 5314 rediret
2059 5245 2229 5330 domum,
2261 5270 2316 5315 re-

1325 5343 1473 5432 spondit
1499 5367 1537 5412 se
1568 5359 1771 5436 expectare,
1819 5348 1935 5416 donee
1964 5371 2091 5438 vesper
2122 5350 2317 5432 accederet,

1325 5445 1485 5514 nesciens
1501 5447 1571 5513 iam
1590 5448 1684 5519 diem
1701 5449 1947 5538 praeteriisse,
1969 5473 2036 5520 nec
2052 5452 2190 5520 viderat
2205 5452 2314 5522 ullam

1325 5547 1444 5616 nivem
1469 5547 1558 5616 circa
1585 5573 1633 5619 se.
1683 5550 1730 5620 Et
1753 5576 1832 5621 cum
1857 5551 2313 5646 ampliusinterrogareut,

1360 5752 1410 5811 94)
1431 5755 1453 5801 1.
1472 5750 1536 5802 cor.
1555 5752 1582 5813 d,
1600 5751 1626 5803 7.

1362 5836 1413 5896 tt)
1435 5837 1523 5898 utu]
1542 5836 1583 5888 stc
1600 5837 1655 5888 tste
1673 5839 1989 5979 ⁹⁸⁸¹’m37'2‘l‘m‘
2013 5840 2117 5902 sss-t
