5534 6700
998 533 1358 606 ADDITAMENTA
1381 520 1450 603 At)
1474 532 1617 603 VOLl..
1642 529 1770 603 l-X.

370 541 450 612 aso
2329 532 2411 604 ⁸⁰⁰

370 711 412 781 in
434 707 544 780 sacris
570 703 730 777 historiis
750 705 988 799 inquirimus,
1019 707 1079 788 lit,
1110 718 1231 775 utres
1253 705 1361 795 ipsas,
1515 702 1658 773 Etcum
1672 705 1910 774 transeundus
1925 715 2015 774 esset
2029 701 2158 771 lluvius
2173 713 2308 786 tantus,
2326 700 2411 774 iux-

372 835 465 907 quae
493 809 544 878 ibi
574 820 846 901 proponuntur,
880 807 1010 878 rectius
1033 806 1294 896 intelligamus,
1327 817 1362 874 et
1412 818 1447 873 ta
1464 805 1637 895 oppidum
1655 805 1914 895 amplissimum
1934 818 1968 874 et
1990 803 2269 874 munitissimum
2287 801 2409 875 Hieri-

371 937 496 984 earum
525 909 771 1000 magnitudine
804 911 918 1000 magis
946 909 1155 979 afficiamur.
1219 906 1362 976 Habent
1413 902 1502 988 cho,
1525 902 1674 1001 situm¹)
1688 906 1726 973 in
1743 907 1878 995 optime
1893 907 1986 976 culta
2002 906 2112 990 valle,
2141 902 2410 1001 etfrequentis·

371 1016 467 1085 enim
485 1008 554 1081 hoc
570 1011 749 1101 peculiare
763 1010 870 1093 Loci,
896 1010 1108 1102 Temporis,
1135 1023 1170 1078 et
1182 1009 1274 1078 aliae
1294 1009 1361 1077 cir·
1412 1008 1501 1078 sime
1523 1003 1703 1090 habitata,
1730 1009 1856 1076 terreri
1871 1020 2040 1099 poterant
2053 1005 2253 1092 Israelitae,
2280 1021 2317 1078 et
2333 1034 2412 1078 me·

371 1114 625 1195 cumstantiae‚
657 1125 698 1182 ut
717 1113 756 1180 in
775 1113 875 1181 omni
891 1109 1121 1183 historiarum
1139 1111 1291 1180 lectione
1306 1135 1362 1180 re-
1413 1123 1534 1192 tuere,
1559 1132 1605 1177 ne
1631 1111 1840 1198 transgressi
1867 1112 1979 1193 vada,
2007 1134 2049 1179 ex
2072 1109 2184 1178 altera
2207 1110 2286 1201 ripa
2304 1111 2411 1182 fluvii

369 1220 436 1289 bus
450 1210 653 1298 adhibitae,
674 1238 734 1286 eas
748 1215 944 1298 illustrent,
973 1227 1008 1283 et
1022 1214 1161 1283 animos
1175 1204 1362 1304 insigniter
1414 1213 1459 1281 ab
1476 1211 1602 1280 ineolis
1624 1209 1699 1280 eius
1721 1210 1791 1278 loci
1813 1209 2080 1281 occurrentibus
2103 1225 2333 1298 arcerentur,
2368 1239 2410 1285 ac

367 1329 616 1412 permoveant.
684 1316 778 1388 Nam
805 1330 847 1386 ut
871 1329 966 1386 recte
993 1316 1083 1387 dixit
1106 1315 1277 1386 Horatius
1304 1312 1363 1413 [in
1413 1313 1693 1403 repellerentur,
1718 1324 1780 1382 aut
1795 1313 1919 1383 saltem
1946 1327 2019 1382 tam
2043 1313 2106 1383 diu
2130 1315 2409 1405 impedirentur,

369 1419 485 1512 Epist.
504 1420 550 1488 ad
567 1419 717 1489 Pisones
738 1419 813 1490 180
827 1412 916 1514 sq.]:
1415 1417 1529 1484 donec
1561 1415 1600 1482 in
1632 1414 1844 1483 immensam
1878 1414 2104 1485 altitudinem
2136 1418 2301 1507 superius
2335 1419 2409 1489 col·

368 1554 520 1646 Segnius
537 1552 683 1622 irritant
697 1553 856 1623 animum
874 1554 1025 1623 demissa
1040 1576 1105 1644 per
1120 1575 1236 1634 aures,

420 1657 540 1750 Quam
558 1679 650 1750 quae
669 1668 752 1726 sunt
768 1656 880 1726 oculis
897 1655 1086 1726 commissa
1104 1655 1279 1723 fidelibus.

368 1788 422 1863 lta
445 1790 595 1862 omnino
621 1790 826 1881 experimur
847 1814 992 1874 omnes,
1032 1788 1140 1857 etiam
1163 1786 1362 1879 insignibus

367 1892 471 1967 iactis
502 1894 598 1962 nude
630 1891 808 1975 recitatis,
840 1892 916 1961 sine
950 1891 1189 1982 descriptione
1223 1903 1362 1982 tempo·

369 1997 439 2084 ris,
462 1997 648 2077 lucorum,
675 2006 711 2062 et
732 1994 882 2063 aliarum
902 1992 1271 2075 circumstantiarum,
1296 1991 1362 2059 mi·

369 2118 438 2169 nus
451 2122 519 2167 nos
533 2095 638 2178 affici,
664 2119 781 2188 neque
796 2095 845 2164 ita
862 2089 936 2165 alte
948 2097 1070 2166 sedere
1087 2092 1363 2165 animisnostris

371 2225 413 2270 ea
431 2200 529 2291 ipsa,
555 2221 647 2292 quae
664 2199 721 2265 vel
735 2198 825 2266 lecta
845 2198 903 2266 vel
917 2198 1040 2267 audita
1056 2209 1159 2279 suut,
1185 2196 1235 2265 ita
1250 2195 1362 2286 negli-

371 2314 495 2395 genter
509 2298 707 2391 proposita.

473 2401 543 2470 Sed
564 2426 644 2471 cum
668 2401 774 2471 simul
794 2401 873 2469 loca
897 2411 1165 2483 monstrantur,
1190 2398 1253 2468 ubi
1266 2400 1361 2467 iacta

369 2491 431 2572 illa
449 2498 603 2574 exhibita
620 2502 800 2586 dicuntur,
820 2516 856 2571 et
871 2514 1010 2594 tempus
1026 2501 1125 2584 anni,
1150 2513 1256 2595 atque
1271 2502 1361 2570 adeo

371 2605 447 2675 dies
468 2605 544 2696 ipse
567 2605 698 2674 mensis
720 2606 953 2688 nominatur,
979 2628 1052 2697 quo
1075 2627 1131 2673 res
1152 2616 1269 2694 gestae
1287 2626 1361 2671 cre-

369 2709 519 2776 duntur:
547 2730 622 2775 non
636 2719 711 2776 tum
728 2729 795 2776 nos
811 2705 936 2775 audire
953 2706 1097 2775 illarum
1112 2705 1360 2774 recitationem

368 2820 558 2900 putamus,
583 2810 644 2878 sed
660 2809 773 2899 pictas
786 2809 890 2878 nohis
909 2832 965 2878 res
982 2808 1196 2890 monstrari,
1223 2807 1280 2875 vel
1296 2831 1361 2898 po-

368 2910 439 2980 tius
461 2909 556 3000 ipsas
578 2923 782 3000 praesentes
805 2910 917 2980 oculis
940 2912 1074 2981 nostris
1094 2907 1219 2979 subiici
1244 2908 1361 2979 existi·

368 3035 521 3080 mamus.
586 3011 746 3081 Tantum
786 3012 909 3082 lumen
949 3012 1035 3103 ipsis
1065 3013 1168 3081 iactis
1206 3034 1361 3080 comme·

368 3112 525 3181 moratio
560 3112 907 3182 circumstantiarum
942 3115 1064 3199 affert,
1106 3124 1359 3205 praeterquam

369 3215 469 3308 quod
494 3212 609 3281 multo
643 3214 751 3282 etiam
786 3215 961 3285 efficacius
987 3215 1127 3285 animos
1154 3215 1359 3283 auditorum

366 3314 468 3398 ferit,
508 3315 607 3385 cuius
641 3316 694 3384 rei
720 3338 833 3386 unum
859 3312 930 3386 hoc
956 3341 1139 3389 sumamus
1166 3340 1208 3385 ex
1232 3314 1360 3389 Bibliis

368 3417 583 3509 exemplum.

468 3517 508 3587 si
536 3518 745 3610 simpliciter
769 3520 912 3589 narrari
937 3522 1081 3604 audias,
1112 3519 1287 3610 populum
1310 3517 1360 3591 ls-

368 3619 568 3693 raaliricum
591 3635 673 3713 post
690 3637 843 3692 mortem
863 3622 989 3693 Moisis
1007 3648 1027 3692 a
1044 3622 1148 3693 losua
1164 3622 1356 3692 abductum

368 3723 415 3789 ad
437 3718 650 3803 lordanem,
683 3736 724 3792 ut
745 3737 877 3794 terram
902 3726 1116 3817 promissam
1135 3726 1280 3794 tandem
1300 3750 1358 3794 oc·

367 3836 538 3913 cuperet,
571 3824 734 3892 traiicere
763 3827 898 3895 flumen
930 3852 1006 3896 non
1031 3826 1210 3919 potuisse,
1243 3829 1358 3897 donec

366 3924 444 3993 eius
466 3947 589 3994 cursus
613 3924 733 3993 divina
753 3928 914 4017 potentia
932 3925 1126 4013 inhibitus,
1151 3929 1358 4020 praebuerit

365 4038 483 4094 tutum
507 4026 696 4095 transitum
720 4030 788 4096 toti
812 4030 1033 4100 multitudini
1054 4056 1119 4123 per
1140 4031 1230 4101 sicca
1245 4034 1355 4100 vada:

364 4127 545 4197 videbitur
567 4128 605 4197 id
627 4129 771 4222 quidem
795 4130 860 4199 tibi
881 4132 1156 4216 miraculosum,
1183 4146 1218 4201 et
1236 4133 1357 4225 singu·

362 4230 439 4298 lare
465 4230 556 4321 opus
570 4228 638 4299 Dei
652 4230 683 4328 ¹)
705 4232 831 4317 fuisse,
864 4236 927 4305 sed
952 4248 1051 4304 tanta
1069 4235 1144 4305 eius
1163 4235 1355 4305 admiratio

364 4344 401 4400 te
415 4355 491 4399 non
506 4333 642 4423 capiet,
669 4347 803 4426 quanta
821 4337 974 4406 debebat
991 4350 1025 4407 et
1041 4350 1203 4430 poterat,
1236 4338 1355 4411 obser·

363 4433 456 4503 vatis
477 4434 764 4506 circumstantiis.

466 4535 631 4605 Primum
657 4537 752 4604 enim
776 4538 913 4633 aliquid
931 4539 1020 4609 lucis
1037 4540 1239 4609 narrationi
1257 4565 1355 4612 acce-

364 4636 443 4719 det,
469 4638 499 4706 si
521 4639 768 4723 admonearis,
794 4640 854 4709 illa
877 4654 980 4733 parte
1001 4642 1165 4734 regionis.
1177 4640 1355 4717 Israelitas

248 4782 252 4787 -
362 4760 428 4828 per
449 4736 640 4810 Iordanem
666 4742 889 4828 transivisse,
920 4743 983 4814 ubi
1005 4743 1036 4813 is
1059 4744 1197 4816 vicinus
1220 4747 1354 4839 oppido

361 4838 615 4913 florentissimo
635 4856 712 4913 tum
738 4842 931 4929 Hiericho,
963 4869 1038 4914 non
1062 4849 1188 4938 procul
1209 4849 1293 4920 inde
1315 4850 1354 4919 in

362 4962 465 5009 mare
480 4943 666 5016 Mortuum
682 4946 821 5032 influit,
848 4960 972 5019 auctus
986 4948 1086 5039 prius
1101 4951 1266 5041 plurimis
1280 4964 1354 5022 tor-

362 5042 524 5113 rentibus
543 5059 578 5114 et
594 5047 802 5119 fluminibus
822 5050 919 5136 aliis,
943 5051 1057 5144 quiin
1072 5052 1189 5143 ipsum
1206 5079 1289 5125 suos
1302 5056 1353 5124 al-

363 5166 449 5211 veos
471 5162 676 5220 exonerant.
744 5151 866 5245 Quare
888 5177 1029 5224 necesse
1054 5167 1106 5225 est
1129 5155 1180 5225 ibi
1202 5157 1350 5228 fluvium

361 5245 479 5313 multo
501 5246 608 5315 fuisse
629 5251 794 5322 latiorem
817 5268 851 5324 et
864 5256 1158 5347 profundiorem,
1187 5283 1295 5352 quam
1312 5262 1351 5329 in

361 5344 471 5430 locis,
497 5372 590 5441 quae
610 5364 693 5420 sunt
705 5354 880 5426 viciniora
898 5358 974 5429 eius
989 5359 1159 5431 lontibus.

367 5534 573 5549 Ἢ

398 5644 523 5777 noppps
548 5651 614 5711 Det]
639 5652 682 5701 sto
704 5652 791 5706 ΕΗ.
817 5613 858 5719 (a.
873 5657 981 5722 tott.);
1013 5662 1062 5711 sd
1079 5664 1101 5712 l.
1128 5667 1169 5722 (a.
1186 5664 1277 5724 155⁰.)
1299 5664 1352 5716 Det

1414 1517 1503 1585 lecta
1528 1528 1564 1585 et
1587 1528 1792 1585 coacervata
1816 1539 1910 1610 aqua
1932 1514 2115 1600 Iordanis,
2156 1541 2238 1588 cum
2268 1519 2406 1612 impetu

1414 1619 1575 1701 irruens,
1593 1618 1718 1688 subito
1742 1641 1867 1689 omnes
1888 1618 1985 1687 intra
2006 1619 2110 1711 ripas'
2127 1617 2406 1713 comprehensos

1415 1721 1646 1810 extingueret.

1515 1820 1567 1890 lta
1593 1820 1664 1890 loci
1679 1820 1871 1916 descriptio
1886 1822 2169 1914 magnitudinem
2185 1824 2356 1897 miraculi
2373 1839 2410 1898 et

1413 1923 1558 1993 divinae
1578 1922 1749 1992 bonitatis
1770 1923 1884 2013 magis
1904 1925 2133 2017 conspicuam
2152 1927 2284 1998 reddit.
2337 1928 2410 1999 Sed

1414 2027 1522 2096 etiarn
1548 2024 1723 2115 insignior
1746 2019 1804 2093 hic
1826 2025 1925 2095 locus
1947 2027 2002 2111 lit,
2042 2052 2123 2097 cum
2145 2038 2187 2097 e‘a
2209 2031 2409 2116 adduntur,

1415 2151 1506 2223 quae
1528 2127 1661 2196 ibidem
1683 2126 1746 2195 diu
1767 2138 1850 2216 post
1873 2140 1969 2218 gesta
1994 2141 2088 2200 sunt.
2139 2129 2232 2201 Nam
2254 2132 2291 2199 in
2311 2133 2407 2202 ulte·

1413 2231 1510 2300 riore
1535 2229 1613 2320 ripa
1636 2228 1695 2296 illa
1717 2225 1880 2298 Iordanis
1902 2252 2025 2301 versus
2044 2233 2244 2317 desertum,
2276 2247 2407 2326 postea

1414 2344 1613 2401 extructum
1637 2329 1821 2401 castellnm
1846 2329 1979 2401 dictum
2005 2345 2057 2402 est
2077 2329 2302 2421 Bethabara,
2334 2333 2409 2406 hoc

1414 2445 1484 2516 est,
1518 2434 1646 2502 domus
1672 2430 1844 2501 transitus
1876 2457 1939 2503 seu
1971 2436 2211 2522 traiectionis,
2245 2439 2408 2511 fortassis

1414 2547 1493 2605 orta
1519 2533 1759 2626 appellatione
1782 2533 1852 2601 loci
1877 2535 1921 2603 ab
1943 2531 2012 2605 hac
2030 2538 2107 2629 ipsa
2124 2541 2253 2632 populi
2267 2529 2409 2614 Israeli-

1413 2637 1475 2706 tici
1494 2637 1706 2706 miraculosa
1731 2636 1975 2722 traductione,
2010 2665 2082 2733 quo
2109 2641 2189 2712 loco
2212 2638 2409 2727 lohannes,

1413 2737 1564 2808 Messias
1587 2761 1818 2830 praecursor,
1852 2739 2048 2830 baptizavit
2078 2756 2155 2814 tum
2179 2746 2290 2830 alios,
2328 2759 2408 2816 turn

1413 2836 1595 2911 Christum
1619 2840 1726 2909 etiam
1750 2840 1891 2931 ipsum,
1924 2867 2031 2935 quem
2050 2840 2150 2917 band
2171 2849 2279 2918 dubie
2294 2848 2410 2939 signi-

1412 2943 1532 3012 ficavit
1554 2965 1635 3010 arca
1652 2943 1825 3026 foederis,
1852 2965 1959 3035 quam
1978 2945 2015 3014 in
2029 2947 2090 3016 illo
2105 2951 2259 3021 transitu
2273 2950 2414 3042 populi

1413 3058 1588 3136 gestantes
1602 3045 1815 3127 sacerdotes,
1840 3047 1927 3114 dum
1946 3058 2114 3119 steterunt
2129 3050 2167 3119 in
2183 3052 2307 3121 medio
2324 3050 2412 3121 lor·

1413 3150 1525 3230 dane,
1551 3170 1644 3239 aqua
1660 3146 1825 3237 superior
1837 3146 1994 3220 fluminis
2006 3152 2132 3240 procul
2144 3153 2316 3237 collecta,
2343 3155 2411 3222 de·

1412 3249 1506 3332 labi,
1533 3261 1568 3317 et
1583 3272 1712 3317 nocere
1726 3247 1899 3320 Hebraeis
1914 3275 1989 3320 non
2005 3253 2134 3343 potuit.
2168 3252 2223 3324 lta
2235 3250 2407 3328 Christus

1412 3352 1528 3421 victor
1540 3352 1666 3423 mortis
1682 3364 1717 3421 et
1729 3352 1876 3437 diaboli,
1900 3347 1969 3423 hoc
1982 3356 2061 3448 ipso
2076 3357 2114 3426 in
2129 3358 2209 3427 loco
2225 3358 2407 3450 baptizari

1411 3454 1546 3537 voluit,
1578 3480 1650 3547 quo
1676 3477 1757 3522 arca
1784 3454 1845 3522 illa
1867 3456 2021 3528 foederis
2043 3472 2209 3545 steterat,
2243 3474 2282 3530 et
2296 3485 2403 3555 saepe

1411 3568 1534 3648 postea
1558 3556 1649 3625 circa
1673 3551 1761 3625 haec
1780 3559 1906 3625 eadem
1920 3559 1999 3628 loca
2016 3575 2176 3633 versatus
2193 3574 2265 3647 est,
2292 3564 2401 3634 etiarn

1410 3658 1519 3751 paulo
1543 3670 1626 3727 ante
1650 3659 1851 3748 passionem
1872 3684 1991 3745 suam,
2017 3675 2058 3732 ut
2081 3678 2181 3756 patet
2199 3690 2242 3734 ex
2260 3667 2398 3736 decimo

1410 3760 1526 3852 capite
1547 3756 1737 3842 Iohannis,
1771 3773 1812 3831 ut
1834 3760 2070 3853 significaret,
2094 3791 2132 3838 se
2153 3768 2266 3839 simili
2287 3771 2396 3839 modo

1409 3864 1655 3933 traducturum
1689 3887 1763 3933 esse
1795 3887 1896 3933 suam
1922 3864 2117 3939 Ecclesiam
2149 3895 2216 3963 per
2242 3872 2394 3942 mediam

1409 3977 1582 4049 mortem,
1617 3977 1653 4034 et
1683 3965 1844 4056 ingentes
1870 3961 1976 4039 huius
1998 3970 2092 4042 vitae
2115 3980 2340 4058 aerumnas„
2357 3974 2397 4043 in

1408 4080 1542 4137 terram
1558 4066 1793 4159 promissam,
1826 4064 1895 4138 hoc
1910 4083 1982 4155 est,
2014 4071 2183 4145 invitam
2201 4090 2398 4147 aeternam.

1509 4168 1647 4240 Rursus
1662 4171 1692 4240 si
1708 4171 1865 4242 eiusdem
1882 4172 2039 4244 mirandi
2054 4179 2228 4251 transitus
2243 4204 2310 4273 per
2326 4174 2399 4249 lor·

1408 4272 1559 4354 danem,
1585 4273 1736 4341 alteram
1750 4297 1896 4368 quoque
1912 4275 2233 4365 circumstantiam,
2259 4295 2399 4375 tempus

1407 4372 1582 4458 videlicet,
1603 4374 1817 4459 consideres,
1843 4376 1980 4449 videbis
1994 4376 2110 4452 adhuc
2125 4384 2261 4457 clarius
2275 4398 2400 4478 poten·

1407 4474 1494 4543 tiam
1516 4488 1561 4554 ⁴ct
1590 4478 1788 4549 bonitatem
1812 4476 1881 4548 Dei
1906 4475 1973 4551 hac
1996 4484 2104 4555 etiam
2127 4485 2398 4559 circumstantia

1406 4576 1588 4649 illustrari.
1620 4578 1788 4672 Legimus
1803 4584 1899 4650 enim
1915 4586 2088 4676 populum
2103 4592 2315 4662 traductum
2329 4613 2398 4662 esse

1406 4680 1525 4770 primo
1549 4705 1670 4754 mense
1693 4686 1781 4752 anni
1803 4683 1992 4771 Hebraiei,
2018 4690 2102 4783 qui,
2127 4704 2168 4762 ut
2190 4692 2289 4763 inira
2308 4693 2398 4763 dice·

1406 4794 1485 4866 tur,
1511 4797 1636 4855 nostro
1658 4786 1777 4877 Aprili
1801 4798 1887 4857 tnnc
1907 4791 1982 4859 fere
2004 4796 2271 4884 respondebat,
2303 4796 2398 4891 quod

1406 4898 1484 4954 erat
1498 4888 1621 4958 messis
1636 4887 1800 4971 initium,
1826 4915 1898 4983 quo
1914 4904 2077 4983 ternpore
2092 4892 2259 4971 Iordanis
2275 4897 2397 4969 solitus

1404 4988 1473 5056 fuit
1495 4992 1689 5083 quotannis
1712 4992 1761 5062 ita
1786 4992 1894 5082 pleno
1918 4994 2021 5065 alveo
2046 4997 2179 5082 fluere,
2213 5014 2256 5071 ut
2277 5002 2398 5071 ambas

1405 5090 1502 5181 ripas
1518 5116 1593 5161 non
1606 5094 1772 5186 impleret
1786 5094 1922 5181 solum,
1947 5099 2009 5167 sed
2026 5100 2134 5170 etiam
2154 5105 2396 5195 egrederetur.

1405 5192 1514 5284 Quod
1548 5194 1664 5287 ipsum
1697 5198 1837 5267 videtur
1869 5197 2049 5290 singulare
2081 5202 2151 5273 Dei
2183 5206 2398 5278 beneficium

1403 5295 1530 5380 luisse,
1556 5299 1621 5391 qui
1640 5294 1708 5368 hac
1728 5302 1969 5372 exundatione
1991 5300 2175 5393 Iordanis,
2204 5334 2275 5381 ceu
2297 5330 2398 5381 muto

1404 5409 1440 5465 et
1455 5398 1551 5468 vallo
1566 5403 1760 5494 quotannis
1776 5404 1916 5476 munire
1934 5407 2048 5478 voluit
2069 5409 2130 5478 illa
2149 5410 2233 5481 loca
2260 5413 2398 5484 fertilis·

1403 5500 1514 5585 sima,
1546 5504 1765 5574 continentia
1795 5506 2012 5599 singularem
2035 5510 2136 5582 illum
2157 5527 2198 5584 et
2220 5513 2394 5589 nobiliss

1438 5730 1470 5796 2)
1489 5734 1586 5794 situm]
1605 5735 1654 5786 tto.
1670 5739 1693 5786 1,
1714 5739 1772 5801 typ.
1792 5752 1903 5792 errore:
1928 5746 1985 5795 trun
