5534 6700
909 614 1064 694 6³9

907 794 1078 863 bere
1115 786 1519 882 posset⁸³⁸).
1622 783 1853 852 Paulo
1886 795 2052 875 post
2096 783 2356 855 milites
2405 783 2557 856 eius
2601 785 2894 878 plurimi

908 894 1283 989 perierunt
1307 893 1536 969 fame,
1590 899 1661 955 et
1694 899 1887 956 totus
1919 887 2267 956 exercitus
2298 888 2680 980 dissipatus
2714 900 2845 958 est.

1116 1006 1427 1080 LXXVI.
1496 1004 1663 1076 Fuit
1708 1006 2002 1099 quidam
2056 1006 2457 1078 curtisanus
2499 1010 2680 1077 adeo
2728 1032 2894 1100 par-

911 1140 1033 1189 cus
1061 1115 1344 1183 Romae
1368 1165 1388 1193 ,
1441 1121 1522 1178 ut
1559 1105 2063 1200 Westphalum
2102 1133 2387 1179 servum
2422 1110 2672 1180 vinum
2724 1111 2896 1180 affe-

907 1229 1181 1290 rentem
1234 1239 1320 1284 ex
1363 1213 1534 1282 cella
1586 1210 1812 1281 nollet
1855 1213 1946 1281 de
1991 1235 2077 1280 eo
2133 1212 2418 1296 bibere,
2503 1216 2626 1284 sed
2691 1212 2894 1284 iussit

910 1346 1070 1393 eum
1103 1319 1581 1390 discedentem
1613 1338 1893 1406 semper
1922 1338 2203 1386 sumere
2238 1340 2498 1409 aquam
2521 1369 2541 1400 ,
2594 1328 2665 1384 et
2690 1315 2890 1384 illam

906 1447 1194 1495 rursum
1224 1421 1508 1490 rediens
1540 1441 1917 1509 exspuere:
1972 1418 2095 1487 sed
2122 1418 2450 1489 minister
2478 1420 2707 1489 multo
2738 1430 2895 1488 erat

909 1527 1238 1597 callidior
1286 1535 1357 1593 et
1398 1521 1838 1613 sapientior,
1896 1516 2207 1590 habebat
2255 1545 2515 1616 aquam
2570 1521 2644 1590 in
2689 1522 2892 1605 cella,

909 1642 979 1700 et
1012 1629 1304 1724 quando
1333 1626 1629 1716 largiter
1658 1625 1962 1706 biberat,
2006 1625 2332 1693 sumebat
2363 1650 2654 1718 aquam,
2699 1649 2895 1693 eam-

910 1752 1049 1827 que
1100 1731 1386 1800 rediens
1446 1750 1689 1796 coram
1737 1726 2035 1795 domino
2085 1727 2473 1798 reiiciebat.
2606 1727 2722 1797 Sic
2777 1749 2892 1797 ars

907 1836 1256 1906 diluditur
1300 1843 1450 1900 arte
1468 1829 1588 1926 ²⁸).
1716 1875 1722 1881 -

1112 1946 1462 2021 LXXVIL
1523 1940 1935 2040 Alphonsus
1962 1970 2088 2016 rex
2115 1945 2635 2038 Neapolitanus
2664 1971 2892 2046 quan-

910 2059 1004 2129 do
1055 2054 1313 2149 aliquis
1376 2053 1465 2120 ab
1534 2074 1619 2119 eo
1680 2051 2073 2133 defecerat,
2159 2049 2408 2120 solitus
2466 2063 2569 2120 est
2620 2050 2890 2120 dicere:

909 2161 1182 2232 Omnes
1229 2180 1436 2249 aegre
1479 2154 1814 2237 ferimus,
1868 2153 2157 2247 quando
2208 2153 2534 2223 videmus
2580 2153 2892 2248 aliquem

906 2264 1310 2352 ingratum:
1380 2259 1576 2353 quod
1625 2251 1806 2325 mihi
1852 2279 2141 2350 quoque
2189 2253 2484 2340 accidit,
2536 2250 2707 2324 hinc
2749 2254 2893 2327 illis

907 2356 1203 2437 irascor.
1309 2360 1446 2432 Sed
1480 2384 1610 2452 ego
1650 2385 1809 2429 sum
1841 2358 2070 2427 multo
2106 2357 2333 2447 magis
2379 2359 2702 2450 ingratus
2733 2356 2891 2429 Deo

906 2492 1071 2540 meo
1094 2522 1115 2552 ,
1170 2491 1207 2534 a
1244 2490 1389 2561 quo
1420 2465 1649 2535 multo
1669 2460 1765 2557 ⁸¹¹)
1796 2459 2072 2530 maiora
2104 2459 2445 2529 beneficia
2479 2461 2741 2553 accepi.

1110 2580 1489 2655 LXXVIII.
1572 2580 1751 2652 Cum
1797 2579 2100 2650 Iudaeus
2157 2578 2519 2650 incidisset
2567 2580 2644 2648 in
2687 2579 2899 2650 latri-

902 2714 1072 2763 nam
1092 2743 1113 2774 ,
1166 2688 1267 2757 ibi
1300 2687 1424 2756 alii
1451 2683 1699 2755 Iudaei
1728 2696 2081 2753 venerunt
2110 2685 2203 2751 ad
2233 2683 2731 2773 magistratum
2750 2737 2773 2767 ,
2825 2695 2896 2752 et

901 2792 1352 2899 petiverunt,
1403 2803 1484 2860 ut
1516 2789 1892 2857 mandaret
1920 2783 2367 2856 carnificibus
2396 2799 2466 2855 et
2497 2787 2893 2870 lictoribus,

903 2908 985 2969 ut
1031 2894 1427 2966 eximerent
1470 2893 1683 2962 istum
1730 2916 1813 2958 ex
1852 2888 2139 2959 latrina.
2260 2887 2631 2980 Quaerens
2662 2888 2893 2980 Magi-

902 3012 1209 3081 stratus,
1262 3020 1487 3089 quare
1521 2994 1659 3084 ipsi
1705 3017 1864 3062 eum
1911 3016 2064 3060 non
2113 2989 2542 3077 eximerent,
2594 3016 2893 3084 respon-

903 3105 1201 3173 derunt:
1287 3097 1477 3188 Quia
1526 3092 1743 3164 hodie
1788 3106 1893 3165 est
1932 3093 2085 3165 dies
2142 3088 2497 3164 sabbathi.
2631 3094 2726 3164 Et
2794 3093 2893 3165 sic

902 3227 1034 3297 per
1075 3201 1375 3270 biduum
1425 3201 1502 3266 in
1547 3198 1809 3265 latrina
1856 3196 2144 3268 mansit.
2284 3195 2611 3266 Tandem
2657 3196 2896 3293 inquit

904 3304 1407 3397 Magistratus:
1492 3299 1640 3371 Aut
1705 3325 1833 3371 vos
1901 3299 2188 3371 eximite
2263 3323 2472 3393 eum,
2568 3313 2695 3372 aut
2759 3324 2890 3394 ego

903 3409 1238 3484 eximam.

1105 3505 1417 3580 LXXIX.
1482 3503 1894 3576 Ludovicus
1911 3502 2027 3578 XI.
2057 3518 2430 3601 praestans
2457 3530 2586 3576 rex
2621 3504 2894 3578 amicus

895 3615 1038 3688 fuit
1067 3610 1533 3705 Imperatoris
1565 3609 2067 3681 Maximiliani.
2173 3609 2354 3681 Cum
2395 3621 2670 3682 starent
2699 3611 2892 3701 apud

903 3743 1068 3790 eum
1101 3715 1309 3785 multi
1343 3714 1587 3805 magni
1622 3713 1940 3798 domini,
1982 3726 2054 3782 et
2084 3713 2270 3781 male
2301 3714 2773 3808 loquerentur
2803 3712 2891 3782 de

900 3817 1441 3899 Maximiliano,
1505 3816 1973 3885 nominarent
2018 3840 2182 3886 eum
2212 3807 2890 3908 Burgimagistrum,

902 3923 1071 4020 quia
1106 3927 1369 4014 paucas
1398 3914 1695 3988 haberet
1739 3919 2059 3989 civitates
2105 3918 2183 3987 in
2229 3919 2579 4012 imperio,
2624 3918 2890 4002 Nolite,

899 4024 1181 4123 inquit,
1235 4034 1695 4092 contemnere
1729 4022 1944 4093 istum
1981 4022 2394 4103 dominum;
2449 4023 2740 4117 quando
2770 4022 2889 4091 ille
2937 4071 2938 4074 ,

899 4130 1141 4225 pulsat
1170 4140 1636 4221 tympanum,
1684 4137 1834 4194 tota
1869 4122 2211 4195 Francica
2244 4126 2443 4195 venit
2458 4124 2579 4222 ⁸⁸).

1107 4246 1390 4317 LXXX.
1479 4243 1891 4316 Ludovicus
1942 4246 2074 4317 etsi
2116 4245 2253 4315 fuit
2305 4244 2514 4313 valde
2580 4243 2890 4337 sapiens,

902 4481 1065 4527 cum
1096 4454 1305 4523 valde
1337 4464 1691 4521 metueret
1722 4464 2027 4520 mortem
2051 4505 2072 4535 ,
2123 4450 2551 4549 mitteretn)
2572 4449 2885 4521 Romam

900 4569 973 4629 et
1005 4581 1135 4650 per
1166 4568 1395 4625 totam
1417 4554 1725 4636 Galliam
1748 4609 1770 4639 ,
1820 4567 1903 4624 ut
1929 4553 2293 4625 adferrent
2321 4554 2663 4649 reliquias
2693 4580 2890 4624 mor-

898 4674 1190 4733 tuorum
1213 4712 1234 4743 ,
1288 4682 1473 4755 quae
1504 4657 1569 4726 ei
1598 4670 1970 4728 servarent
2000 4658 2220 4727 vitam
2241 4712 2262 4742 ,
2314 4657 2521 4728 sicuti
2557 4654 2741 4728 nihil
2786 4671 2891 4729 est

897 4764 1264 4857 potentius
1312 4763 1405 4832 ad
1450 4761 1911 4855 decipiendos
1956 4756 2288 4833 homines
2338 4761 2681 4855 opinione
2722 4760 2889 4832 reli-

951 4892 1160 4938 roms.

893 4890 948 4984 'g
1104 4966 1416 5039 Lxxxi.
1461 4966 1714 5039 Eccius
1734 4962 2190 5060 Erphordiae
2216 4968 2501 5037 rediens
2531 4991 2618 5036 ex
2644 4966 2887 5058 dispu-

900 5071 1175 5141 tatione
1209 5069 1607 5142 inebriatus
1641 5071 1813 5141 vino
1860 5071 2207 5142 invitarat
2240 5070 2519 5167 aliquot
2548 5064 2887 5143 honestas

966 5275 1103 5373 δὲ)
1136 5311 1363 5370 poscet]
1399 5310 1567 5363 Com:
1616 5309 1798 5373 possit

964 5394 1066 5453 ⁸6)
1102 5394 1196 5445 sic
1230 5406 1329 5446 ars
1367 5396 1460 5447 dil.
1496 5398 1667 5457 οντα]
1705 5398 1843 5447 haec
1875 5399 1946 5447 ab
1980 5396 2096 5448 alia
2130 5406 2296 5448 mnu
2330 5394 2616 5460 adscripta
2652 5398 2803 5449 sunt.

966 5479 1065 5540 ⁸7)
1102 5478 1304 5548 multo]
1344 5482 1429 5533 cic
1463 5482 1664 5545 scripsi
1677 5499 1696 5547 ς
1744 5483 1878 5535 cod.
1912 5484 2105 5534 habet:
2158 5483 2332 5533 multa

964 5565 1067 5627 ⁸⁸)
1104 5570 1146 5620 t.
1186 5568 1455 5619 Brennica
1488 5569 1671 5633 venit]
1708 5568 1793 5620 sic
1828 5570 1995 5629 Com:
2040 5568 2098 5619 in
2132 5569 2382 5622 Historia
2416 5571 2486 5622 de
2521 5571 2792 5623 electione
2827 5572 2887 5624 et

1036 5639 1401 5690 coronatione
1436 5638 1630 5689 caroli
1660 5640 1728 5691 V.
1767 5638 2071 5705 cae-aria,
2120 5639 2177 5689 in
2208 5650 2316 5703 qne
2350 5639 2539 5691 eadem
2577 5637 2885 5692 narrantur

1034 5706 1193 5770 (vide
1230 5720 1400 5772 cupra
1436 5722 1486 5770 p.
1515 5709 1611 5758 501
1641 5708 1792 5800 sq),
1826 5711 1953 5761 loco
1992 5712 2085 5775 ‚‚t.
2112 5709 2382 5761 Francica
2416 5706 2619 5761 venit”
2642 5711 2882 5776 legitur:

1033 5810 1074 5844 ‚0
1088 5776 1129 5829 t.
1169 5778 1408 5829 Francia
1442 5774 1679 5830 tremit.'
2860 5783 2865 5787 ’

962 5859 1062 5923 a)
1095 5862 1376 5926 uitaret]
1411 5863 1499 5916 cic
1529 5863 1768 5931 mincis
1816 5862 1954 5918 cod.
1988 5863 2187 5917 habet:
2236 5864 2468 5917 uberet
2551 5925 2568 5935 ⁶

2148 608 2396 684 Pml..
2446 609 2675 685 MEL.
2727 607 3136 685 SCRIPTA
3198 607 3738 684 HISTORICA.

4829 613 4989 690 540

3003 796 3375 854 matronas
3422 787 3513 852 ad
3572 808 3896 856 coenam.
4028 781 4198 851 Illae
4268 807 4428 853 cum
4493 783 4570 852 in
4626 780 4984 860 honorem

2993 888 3183 957 illius
3232 887 3769 978 apparuissent,
3840 887 4109 977 incepit
4158 887 4510 956 obscoena
4566 889 4843 974 dicere,
4914 907 4989 962 et

2995 989 3302 1082 turpiter
3352 989 3511 1059 illas
3556 1004 4041 1074 contrectare,
4111 991 4307 1082 quod
4370 1014 4521 1060 non
4592 992 4984 1091 decuit³⁹⁸)

2997 1116 3364 1164 censorem
3406 1094 3662 1163 facere.

3199 1192 3540 1265 LXXXII.
3628 1193 3822 1264 Idem
3889 1192 4143 1264 Ecciiis
4231 1218 4390 1265 cum
4460 1196 4833 1268 incidisset
4909 1201 4985 1270 in

2993 1299 3250 1367 febrim
3280 1297 3760 1382 Ratisbonae,
3810 1297 4106 1368 iubebat
4143 1298 4278 1368 sibi
4311 1296 4699 1371 cantharos
4730 1303 4987 1393 plenos

2997 1425 3225 1496 aquae
3267 1401 3570 1484 adferri,
3639 1401 3899 1495 quibus
3942 1401 4248 1491 acceptis
4293 1426 4414 1472 eos
4467 1399 4832 1490 exhausit,
4917 1420 4990 1477 et

2998 1529 3157 1575 cum
3219 1504 3686 1595 obiurgarent
3746 1528 3908 1573 eum
3970 1504 4269 1587 medici,
4335 1509 4739 1597 respondit:
4823 1509 4981 1600 Ego

2995 1632 3151 1678 sum
3185 1607 3520 1677 robustus
3553 1607 3866 1691 Saevus,
3911 1619 3984 1674 et
4013 1606 4230 1698 paulo
4255 1621 4421 1698 post
4448 1630 4540 1678 ·eo
4588 1611 4746 1701 ipso
4786 1636 4984 1682 mor-

2994 1712 3090 1780 bo
3133 1708 3482 1779 extinctus
3522 1722 3648 1780 est.

3201 1809 3571 1882 Lxxxul.
3637 1813 3825 1882 Ante
3860 1834 4090 1880 annos
4137 1811 4417 1905 aliquot
4456 1814 4719 1885 misera
4763 1840 4986 1909 quae-

2951 1966 2952 1985 1
2997 1916 3163 1983 dam
3196 1938 3551 2007 puerpera
3586 1915 3846 1984 occidit
3872 1916 4053 1984 duos
4080 1913 4345 1985 liberos
4386 1915 4624 2005 gladio
4677 1917 4791 1985 vel
4838 1919 4985 1987 cul·

2940 2070 2942 2074 Α
2998 2029 3137 2088 tro.
3220 2015 3364 2086 ·111a
3398 2029 3643 2109 postea
3693 2029 3900 2108 capta
3949 2029 4020 2085 et
4064 2016 4159 2086 ad
4207 2019 4633 2110 supplicium
4672 2021 4987 2090 deducta

2997 2119 3200 2204 dixit,
3250 2145 3324 2190 se
3354 2121 3652 2203 nescire,
3706 2119 4075 2213 quomodo
4104 2120 4224 2188 illa
4258 2122 4708 2203 accidissent:
4756 2124 4983 2193 fuisse

2995 2224 3316 2293 furorem
3359 2223 3789 2292 diabolicum
3824 2222 3901 2292 in
3945 2246 4020 2292 se
4067 2223 4499 2308 immissum,
4562 2238 4646 2296 ut
4691 2238 4982 2295 tantum

2997 2325 3222 2396 scelus
3272 2326 3783 2406 committeret;
3863 2327 4329 2396 adeoautem
4376 2352 4452 2399 se
4498 2329 4743 2398 dolere
4791 2324 4990 2397 banc

2997 2453 3178 2511 rem,
3230 2441 3311 2498 ut
3341 2429 3676 2499 libentius
3706 2428 3897 2497 mori
3931 2452 4146 2522 quam
4182 2430 4424 2500 vivere
4456 2431 4657 2516 velit,
4711 2443 4784 2501 et
4814 2455 4985 2500 con-

2996 2533 3276 2624 spectus
3309 2543 3551 2599 tantae
3580 2531 3907 2602 miseriae
3939 2531 4007 2600 ei
4036 2532 4424 2603 adimatur.

3197 2631 3602 2705 Lxxxmi.
3667 2634 3834 2725 Dux
3864 2630 4328 2707 Eberhardus
4342 2633 4981 2727 VVirtebergensis,

2997 2737 3123 2831 qui
3150 2737 3283 2806 fuit
3308 2736 3873 2828 sapientissimus
3906 2737 4240 2831 princeps
4268 2739 4344 2808 in
4375 2752 4731 2811 conventu
4748 2739 4981 2813 Wor-

2996 2839 3440 2932 matiensi⁴⁰)
3477 2852 3801 2931 tempore
3839 2840 4318 2910 Maximiliani
4360 2842 4758 2924 celebrato,
4809 2867 4981 2913 cum

2996 2940 3257 3036 reliqui
3294 2942 3658 3034 principes
3705 2943 3969 3032 singuli
4015 2967 4180 3015 suas
4222 2945 4530 3015 ditiones
4568 2946 4978 3029 laudarent,

2996 3043 3116 3113 ille
3151 3044 3755 3118 diu-auscultavit.
3822 3042 4157 3116 Saxonici
4191 3048 4546 3140 principes
4581 3040 4979 3117 laudarunt

2996 3169 3216 3217 venas
3248 3147 3677 3233 metallicas,
3730 3161 3801 3220 et
3831 3152 4121 3219 tandem
4156 3154 4300 3221 dux
4323 3146 4783 3222 Eberhardus
4828 3151 4978 3220 ius·

2995 3275 3113 3323 sus
3148 3274 3189 3319 a
3220 3249 3633 3337 Friderico,
3684 3251 4038 3323 saxoniae
4082 3256 4297 3338 duce,
4350 3254 4564 3322 etiam
4612 3276 4776 3324 suas
4822 3255 4981 3323 lau-

2996 3356 3167 3426 dare
3213 3354 3556 3440 ditiones,
3606 3352 3807 3428 Nihil
3853 3369 3993 3440 est,
4044 3355 4352 3453 (inquit)
4395 3357 4592 3451 quod
4641 3359 4981 3427 extollam

2995 3470 3121 3529 aut
3158 3458 3602 3550 praedicem,
3649 3485 3810 3530 cum
3860 3459 4147 3530 infimus
4193 3462 4328 3531 sim
4377 3461 4567 3530 inter
4614 3485 4785 3544 vos,
4858 3462 4980 3531 sed

2994 3583 3220 3632 unum
3268 3556 3407 3630 boc
3440 3561 3587 3631 scio
3631 3587 3748 3633 me
3788 3586 3993 3655 posse
4038 3564 4649 3634 secure-dormire
4695 3565 4770 3632 in
4824 3586 4983 3654 gre-

2994 3663 3144 3733 mio
3210 3664 3624 3749 cuiuslibet,
3714 3667 4292 3761 quandocunque
4356 3667 4686 3747 libuerit:
4773 3665 4980 3760 quasi

2994 3766 3219 3836 dicat:
3273 3766 3425 3857 Ego
3459 3768 3556 3837 ita
3596 3769 3905 3861 impero,
3952 3782 4035 3841 nt
4068 3770 4336 3842 subditi
4370 3795 4485 3840 me
4514 3782 4794 3853 ament,
4848 3793 4979 3839 vos

2992 3893 3141 3939 nou
3176 3870 3500 3962 perinde.

3195 3988 3542 4062 LXXXV.
3619 3987 3917 4062 Ducissa
3964 3992 4595 4084 Wirteburgensis
4650 4018 4809 4061 cum
4872 3990 4982 4060 di-

2991 4093 3309 4163 mitteret
3342 4118 3380 4162 a
3413 4118 3486 4164 se
3534 4093 3866 4163 ancillam
3902 4120 4104 4166 suam
4128 4151 4150 4181 ,
4214 4096 4429 4166 dixit:
4498 4096 4710 4165 Time
4744 4095 4979 4166 Deum

2995 4208 3066 4266 et
3096 4196 3296 4267 vivas
3332 4192 3668 4281 honeste,
3720 4195 3828 4286 bet
3863 4198 3953 4295 id)
3981 4203 4109 4276 1)αὸ
4147 4198 4426 4295 gethan,
4480 4198 4548 4291 so
4587 4217 4724 4274 met
4768 4198 4860 4295 id)
4909 4198 4981 4274 ln

2947 4353 2948 4359 Ν
2992 4297 3154 4395 sold)
3188 4301 3428 4376 (Stenbt
3460 4302 3558 4376 nit
3586 4305 3894 4395 getaben.

899 4364 1142 4423 tamen
1187 4350 1325 4420 fuit
1366 4348 1751 4420 fascinatus
1793 4349 2008 4420 tantis
2059 4347 2720 4440 superstitionibus,
2783 4360 2890 4433 ut,
2947 4366 2948 4415 3

3196 4418 3570 4493 LXXXVI.
3641 4420 4096 4516 Erphordiae
4143 4423 4438 4520 quidam
4480 4425 4697 4495 miser
4728 4421 4981 4511 bomo,

2994 4548 3155 4595 cum
3191 4537 3372 4598 esset
3404 4524 3482 4595 in
3514 4550 3776 4617 magna
3821 4527 4108 4622 inopia,
4170 4517 4505 4599 habitans
4554 4528 4630 4598 in
4678 4529 4838 4598 vico
4858 4528 4981 4620 ιι),

2989 4628 3126 4698 fuit
3167 4628 3508 4701 sollicitus
3552 4629 3640 4699 de
3686 4628 3880 4701 victu
3927 4644 3997 4700 et
4040 4630 4323 4701 ratione
4366 4632 4555 4702 vitae
4604 4633 4980 4703 instituen-

2991 4731 3148 4802 dae.
3252 4729 3337 4801 In
3363 4731 3490 4800 tali
3521 4732 3772 4802 dolore
3802 4733 4138 4802 invitavit
4175 4732 4608 4819 Diabolum;
4668 4736 4795 4831 qui
4837 4748 4980 4805 sta-

2945 4906 2946 4909 ,
2991 4834 3122 4904 tim
3151 4834 3244 4903 ad
3282 4859 3445 4906 eum
3475 4836 3768 4908 veniens
3799 4835 4014 4905 dixit:
4070 4836 4144 4905 Si
4181 4837 4285 4907 vis
4314 4850 4381 4907 te
4413 4833 4591 4907 mihi
4625 4839 4985 4922 addicere,

2990 4937 3273 5007 tradam
3302 4937 3433 5009 tibi
3461 4952 3735 5025 artem,
3799 4963 3884 5010 ex
3934 4963 4076 5035 qua
4126 4942 4356 5030 possis
4405 4942 4628 5025 scire,
4694 4942 4820 5013 ubi
4872 4940 4982 5011 in-

2992 5040 3391 5112 veniendae
3417 5043 3562 5115 sint
3593 5067 3707 5114 res
3735 5042 4040 5112 ablatae.
4144 5042 4291 5112 Ubi
4321 5044 4438 5113 ille
4470 5045 4688 5115 miser
4728 5044 4980 5115 condi-

2989 5144 3263 5215 tionem
3333 5146 3749 5238 accepisset,
3828 5145 4178 5217 Diabolus
4243 5138 4605 5238 promittit
4651 5174 4727 5218 se
4771 5171 4982 5217 mon·

2990 5260 3386 5319 straturum
3425 5250 3625 5335 loca,
3678 5250 3755 5317 in
3801 5248 4060 5344 quibus
4092 5245 4279 5320 banc
4329 5264 4554 5320 artem
4607 5254 4979 5343 profitere-

2990 5363 3132 5423 tur.
3266 5351 3449 5423 Cum
3500 5376 3671 5444 ergo
3717 5353 4079 5444 professus
4128 5365 4347 5438 esset,
4429 5356 4656 5425 factus
4717 5369 4854 5426 est·
4885 5355 4975 5423 ad

2988 5478 3151 5526 eum
3184 5480 3488 5547 magnus
3522 5479 3948 5543 concursus,
3999 5457 4350 5556 multique
4387 5482 4548 5529 eum
4600 5459 4974 5531 consulue-

3057 5691 3196 5752 891)
3232 5702 3341 5741 non
3376 5691 3590 5754 decuit]
3626 5694 3794 5748 coda
3846 5695 4028 5746 decuit

3052 5775 3150 5844 ω)
3189 5777 3630 5841 wormatiensi]
3665 5780 3840 5835 cod-e
3890 5782 4308 5835 wormaciensi

3057 5859 3157 5931 41)
3190 5862 3344 5925 vico]
3377 5863 3547 5919 cot:
3597 5865 3722 5917 vicu
