5534 6700
359 555 449 633 -769

370 730 418 802 sd
433 730 720 824 amplificandam
736 730 951 819 orationem,
976 729 1045 803 hoc
1060 733 1140 803 loco
1155 727 1252 803 haud
1269 729 1360 804 alius
1385 774 1389 843 ἰ

1384 848 1389 945 ‘p
1412 833 1587 906 incidunt.
1638 831 1780 904 valebit
1805 833 1887 920 talis
1910 830 2136 901 efficientium
2162 831 2333 902 tractatio
2362 837 2410 905 ad

1385 950 1389 1013 l
1412 937 1648 1007 exercendam
1663 936 1819 1029 copiam.

371 833 598 905 commodior
612 856 685 904 esse
699 832 852 905 videtur.

764 999 970 1075 Caussae.

472 1135 520 1207 Et
539 1161 647 1229 supra
670 1137 708 1206 in
720 1137 943 1212 finitionibus
959 1164 1099 1212 caussas
1115 1140 1360 1226 tractavimus,

371 1263 444 1336 quo
456 1235 517 1309 hic
531 1239 676 1310 brevius
695 1241 936 1313 absolventur.

399 1382 402 1395 ι
474 1341 607 1413 Caussa
626 1354 698 1426 est,
723 1345 818 1414 unde
835 1344 934 1415 aliud
952 1343 1248 1440 consequitur“).

475 1443 642 1516 Efficiens
669 1457 722 1517 cst
744 1470 898 1538 persona
921 1459 1082 1530 autres,
1108 1470 1200 1538 quae
1223 1445 1359 1539 aliquid

370 1545 498 1630 efficit,
523 1559 564 1616 ut
576 1547 678 1616 laber
692 1550 862 1633 domum,
889 1563 991 1641 pater
1005 1549 1130 1620 lilium.

473 1647 626 1719 Materia
641 1661 711 1734 est,
738 1675 780 1720 ex
796 1675 868 1746 qua
885 1654 924 1721 lit
939 1650 1145 1745 quidpiam,
1175 1663 1234 1734 ut,
1261 1675 1302 1719 ex
1319 1649 1361 1718 li-

369 1775 443 1845 gno
459 1774 595 1825 mensa.

471 1854 606 1926 Forma
621 1866 675 1926 est
691 1854 769 1947 ipsa
783 1854 956 1926 materiae
971 1853 1117 1948 species.

366 2032 368 2039 ,
472 1956 574 2031 Finis
597 1969 650 2028 est
671 1981 757 2030 usus
776 1959 841 2030 rei.
904 1957 961 2029 Ab
983 1959 1157 2028 efficiente
1181 1959 1361 2028 ducuntur

370 2074 597 2154 argumenta,
620 2073 695 2130 tam
709 2061 907 2145 dialectica,
929 2085 1039 2156 quam
1053 2055 1245 2132 rhetorica.
1272 2057 1362 2129 Dia·

371 2165 515 2251 lectica,
539 2178 580 2237 ut
601 2186 724 2236 caussa
744 2176 893 2257 negata,
918 2176 954 2234 et
977 2164 1140 2233 effectum
1157 2161 1284 2254 negari
1300 2186 1360 2232 ne-

371 2292 466 2341 ccsse
490 2280 559 2340 est:
600 2279 661 2351 ut,
693 2266 777 2339 Non
809 2266 933 2358 genuit
951 2265 1153 2348 Traianus,
1185 2289 1270 2357 ergo
1296 2288 1360 2335 nec

370 2369 535 2442 Traiano
554 2368 648 2440 filius
669 2368 748 2440 luit.
813 2369 995 2453 Rursum,
1034 2369 1221 2438 adfirmata
1243 2389 1361 2450 causa,

370 2486 409 2544 et
423 2485 591 2544 eventum
609 2471 782 2541 affirmari
794 2495 935 2544 necesse
952 2484 1019 2542 est:
1046 2483 1097 2554 vt,
1119 2467 1255 2540 Genuit
1268 2467 1360 2538 'Fra-

371 2575 496 2659 ianus,
520 2598 604 2665 ergo
620 2573 781 2644 Traiano
798 2575 917 2666 proles
936 2575 1014 2644 suit.
1066 2572 1128 2643 Sol
1144 2572 1281 2655 oritur,
1305 2595 1360 2641 er·

291 2723 297 2735 ·
368 2702 416 2772 go
432 2678 508 2749 dies
524 2689 589 2748 est.
640 2675 812 2771 Atquein
827 2673 883 2748 his
896 2676 1065 2769 propriae
1081 2698 1224 2746 caussae
1238 2697 1358 2744 rerum

369 2782 584 2874 spectandae
598 2792 699 2864 sunt,
724 2804 799 2850 non
815 2780 964 2864 alienae,
989 2803 1064 2848 non
1081 2779 1175 2848 enim
1189 2790 1271 2869 apte
1288 2777 1360 2847 col·

368 2885 498 2977 legeris
519 2879 590 2953 hoc
615 2885 744 2952 modo:
780 2883 898 2953 Faber
919 2895 993 2968 est,
1018 2881 1127 2973 igitur
1142 2883 1271 2952 domus
1289 2892 1359 2959 est;

370 2988 433 3060 sed
445 2986 563 3056 Faber
576 2986 756 3069 aedificat,
782 2985 892 3078 igitur
906 2987 1036 3055 domus
1054 2986 1105 3054 lit.
1155 2980 1229 3051 lam
1247 2995 1281 3052 et
1296 3005 1358 3054 sua

371 3091 543 3182 cuiusque
564 3111 684 3158 caussa
707 3089 900 3178 spectanda
917 3100 988 3170 est,
1016 3110 1036 3154 a
1053 3109 1124 3180 qua
1142 3085 1289 3176 proprie
1304 3108 1360 3156 res

371 3193 430 3261 lit:
462 3202 523 3274 ut,
546 3189 660 3260 virtus
674 3189 821 3281 proprie
838 3214 858 3258 a
873 3191 942 3260 deo
964 3188 1225 3258 transfunditur
1241 3184 1277 3255 in
1295 3182 1360 3257 hu-

371 3315 482 3364 mana
497 3302 653 3385 pectora.
704 3290 771 3364 Est
785 3291 880 3362 enim
897 3315 959 3363 sua
977 3290 1146 3384 cuiusque
1162 3312 1296 3362 caussa.

473 3394 712 3467 Efficientium
735 3395 773 3464 in
793 3395 1061 3488 pervestiganda
1085 3417 1205 3464 rerum
1231 3406 1358 3463 natura

372 3513 408 3571 et
428 3499 567 3591 origine
589 3498 766 3589 plurima,
801 3510 842 3569 ut
863 3521 972 3590 supra
993 3499 1031 3565 in
1051 3496 1278 3567 vlinitionibus
1299 3497 1360 3564 ad-

371 3602 517 3685 monui,
551 3600 645 3670 ratio
677 3597 841 3671 habenda
873 3614 941 3673 est:
983 3623 1133 3691 nempe,
1166 3598 1361 3691 dequibus

371 3701 514 3777 scholae
549 3702 650 3772 varie
680 3704 899 3797 disceptant,
932 3715 991 3786 ut,
1024 3727 1095 3795 quo
1124 3715 1250 3772 autore
1275 3723 1359 3769 vera

373 3806 607 3895 absolutaque
623 3804 737 3878 virtus
756 3808 794 3875 in
811 3803 958 3875 homine
979 3804 1065 3874 liat?
1096 3829 1183 3875 num
1208 3827 1272 3896 per
1297 3799 1361 3873 ho·

372 3908 481 3978 minis
504 3906 744 3977 industriam?
771 3932 817 3976 an
839 3909 895 3977 dei
917 3904 1070 3998 spiritu?
1097 3920 1158 3976 aut
1175 3932 1239 3977 cur
1255 3906 1291 3975 id
1307 3905 1361 3975 in·

373 4008 509 4082 dustria
540 4004 698 4080 hominis
727 4033 802 4079 non
832 4009 969 4101 possit?
1009 4009 1047 4077 in
1082 4034 1188 4101 quem
1212 4012 1358 4079 modum

372 4113 485 4184 multa
507 4123 825 4183 controvertuntur
848 4114 892 4182 de
916 4111 1047 4182 caussis
1067 4112 1310 4181 efficientibus.

473 4213 569 4287 Usus
585 4226 639 4285 est
654 4238 777 4285 earum
796 4227 831 4284 et
846 4214 884 4283 in
901 4209 1089 4284 rhetoricis
1110 4209 1296 4297 thematis,
1322 4224 1362 4281 ut

371 4316 411 4386 in
445 4317 611 4388 laudibus
647 4320 826 4389 ducuntur
865 4329 1074 4411 argumenta
1115 4312 1311 4386 honestatis
1340 4336 1359 4381 a

372 4419 620 4491 conditoribus
642 4434 677 4490 et
698 4421 884 4493 autoribus
903 4443 1045 4504 rerum,
1072 4432 1132 4502 ut,
1155 4442 1247 4512 quae
1261 4417 1362 4511 prior

370 4523 449 4596 laus
470 4536 523 4595 est
549 4522 793 4608 matrimonii,
832 4548 939 4618 quam
963 4524 1060 4617 quod
1083 4521 1255 4592 divinitus
1278 4544 1361 4591 con·

371 4628 535 4698 stitutum
557 4624 634 4698 est?
684 4624 750 4698 Est
773 4638 808 4695 et
830 4626 893 4697 ubi
915 4625 953 4696 in
969 4626 1091 4697 litibus
1106 4623 1272 4708 consilia,
1299 4647 1361 4692 au·

372 4741 538 4822 toresque
570 4730 748 4799 factorum
787 4741 997 4801 tractantur.
1062 4728 1258 4820 Propterea
1292 4722 1361 4795 hoc

361 4855 577 4903 caussarum
607 4856 719 4925 genus
752 4831 941 4925 diligenter
971 4831 1138 4920 tractavit
1162 4829 1214 4900 M.
1235 4827 1361 4899 Cicero

371 4931 410 5001 in
433 4934 599 5029 Topicis,
639 4935 703 5006 ubi
732 4936 770 5003 in
803 4934 1035 5005 efficientibus
1063 4945 1229 5003 numerat
1258 4944 1361 5000 natu-

372 5036 533 5134 ram⁸⁸),
558 5050 619 5122 ut,
645 5037 708 5108 Sol
730 5038 867 5123 oritur,
893 5036 1003 5129 igitur
1019 5036 1094 5107 dics
1109 5048 1172 5106 cst.
1224 5031 1361 5104 Volun-

371 5149 505 5222 tatem,
540 5139 598 5211 cui
622 5141 910 5233 perturbationes
939 5153 975 5209 ct
1007 5139 1152 5210 affectus
1183 5136 1293 5206 animi
1326 5146 1361 5206 et

372 5240 520 5313 consilia
541 5243 702 5328 subiicit,
734 5257 796 5330 ut,
828 5241 944 5315 leatus
967 5255 1064 5327 crat,
1094 5240 1252 5313 infensus
1271 5251 1361 5323 erat,

372 5345 482 5437 igitur
496 5344 683 5438 probabile
698 5360 769 5432 est,
795 5349 867 5417 vim
886 5348 931 5417 ab
951 5370 993 5416 eo
1016 5344 1164 5417 illatam.
1217 5343 1361 5426 Casum,

376 5523 530 5537 O-n
539 5523 583 5531 ...-

405 5635 456 5695 96)
473 5636 574 5685 Anoot.
591 5643 696 5695 marga
723 5633 847 5693 oostnor
863 5642 1023 5682 momen·
1042 5632 1156 5682 tornes.

405 5721 573 5841 “parm
592 5729 695 5783 marg:
719 5714 903 5768 molentium
922 5718 975 5767 eoo
992 5728 1112 5781 genera:
1144 5718 1243 5767 ortors
1261 5719 1290 5766 et
1308 5726 1360 5767 ro-

451 5794 542 5844 nous.

874 557 998 635 erm..
1034 558 1147 635 Met.
1180 557 1383 632 SCRIPTA
1419 557 1551 631 lelll
1581 466 1887 633 ARGUMENi'i.

1406 3912 1410 3919 ι

2329 557 2410 630 760

1411 729 1506 806 Nam
1522 743 1559 802 et
1574 731 1613 801 in
1625 754 1682 802 res
1696 753 1904 802 communes
1920 724 2108 799 hominum
2125 727 2238 796 multa
2254 728 2412 801 fortuita

1514 1036 1661 1109 lnteriui
1691 1051 1725 1108 et
1754 1039 1793 1108 in
1815 1035 2048 1108 efficientibus
2073 1029 2237 1104 habenda
2261 1049 2318 1108 est
2341 1038 2407 1108 cir-

1413 1140 1708 1212 cumstantiarum
1729 1140 1836 1212 ratio.
1893 1138 1986 1211 Nam
2008 1131 2178 1207 nonnihil
2197 1138 2245 1207 ad
2271 1163 2406 1232 propo-

1384 1254 1401 1363 y
1412 1256 1517 1316 setam
1534 1241 1780 1340 quaestionem
1797 1240 2008 1334 pertinebit,
2034 1263 2108 1334 quo
2122 1251 2309 1333 tempore,
2333 1269 2406 1338 quo

1412 1346 1513 1430 loco,
1547 1347 1644 1437 apud
1677 1369 1768 1440 quos
1801 1344 1889 1438 quid
1916 1345 2049 1413 lactum
2084 1341 2141 1414 sit.
2204 1342 2406 1436 Diligenter

1413 1446 1508 1517 enim
1535 1447 1838 1519 circumstantiam
1864 1445 2037 1538 temporis
2056 1456 2187 1515 tractat
2211 1447 2405 1539 Apostolus

1413 1549 1547 1621 Paulus
1559 1550 1597 1619 in
1613 1551 1808 1633 Romanis,
1834 1549 1897 1620 ubi
1911 1548 2140 1633 collecturus,
2166 1550 2265 1642 quod
2286 1552 2404 1642 operi-

1413 1653 1479 1724 bus
1494 1653 1581 1744 legis
1597 1676 1671 1722 non
1688 1664 1917 1744 comparetur
1939 1649 2093 1734 iustitia,
2119 1675 2140 1719 a
2163 1664 2328 1745 tempore
2348 1677 2407 1723 ar·

1413 1767 1661 1846 gumentatur,
1686 1750 1871 1825 Abraham
1885 1754 2018 1826 iustum
2031 1752 2138 1826 tuisse
2154 1766 2237 1824 ante
2255 1755 2407 1826 circum·

1386 1891 1391 1951 y
1414 1857 1608 1941 cisionem,
1635 1881 1710 1927 non
1736 1870 1983 1948 comparatam
2004 1855 2115 1946 igitur
2134 1855 2408 1930 circumcisione

1414 1959 1601 2032 iustitiam.
1660 1959 1732 2030 Sed
1762 1962 1807 2029 de
1829 1958 2104 2031 circumstantiis
2130 1982 2237 2051 supra
2263 1961 2407 2032 monui·

1413 2088 1505 2135 mus.
1557 2062 1616 2133 Tu
1640 2062 1862 2146 observabis,
1888 2056 1977 2131 haec
1996 2060 2176 2152 pertinere
2204 2065 2249 2132 ad
2273 2088 2409 2154 augen-

1413 2168 1497 2236 dam
1525 2165 1885 2259 amplibcandamque
1906 2164 2120 2234 orationem.

1515 2270 1549 2338 A
1563 2268 1714 2337 materia
1735 2269 1943 2362 formaque,
1968 2266 2129 2351 rariora,
2159 2270 2259 2361 quod
2283 2269 2409 2353 sciam,

1413 2384 1623 2461 argumenta
1645 2382 1836 2462 petuntur,
1861 2383 1984 2439 tamen
2005 2370 2082 2440 lieri
2103 2371 2214 2454 solet,
2241 2384 2282 2441 ut
2295 2386 2408 2442 mate·

1413 2471 1467 2541 ria
1490 2485 1738 2565 comparetur,
1771 2485 1830 2557 ut,
1865 2469 2034 2557 Interest,
2070 2498 2111 2542 ex
2140 2497 2229 2543 auro
2259 2474 2326 2558 sit,
2361 2498 2409 2543 an

1413 2587 1562 2667 argento
1576 2570 1724 2668 cyphus.
1762 2573 1814 2644 lta
1831 2599 1852 2643 a
1869 2577 2001 2660 lorma,
2027 2589 2068 2647 ut
2085 2600 2176 2670 quae
2191 2572 2300 2668 cyphi
2315 2577 2409 2647 scul-

1413 2689 1518 2770 ptura
1534 2678 1602 2761 sit,
1628 2678 1733 2770 quale
1748 2677 1836 2748 illud
1848 2688 1903 2749 est
1921 2680 2018 2770 apud
2030 2677 2220 2770 Virgilium
2237 2681 2275 2747 in
2290 2678 2414 2749 Buco-

1412 2779 1564 2876 licis9'):

1565 2913 1750 3008 Quoniam
1768 2913 1834 2985 tibi
1849 2915 1976 3006 pocula
1992 2938 2124 3007 ponam

1412 3015 1569 3108 Pagina,
1596 3018 1770 3086 caelatum
1787 3016 1901 3086 divini
1916 3041 2002 3108 opus
2016 3014 2289 3099 Alcimedontis,

1411 3118 1525 3188 Lenta
1543 3119 1672 3213 quibus
1687 3131 1794 3189 torno
1809 3120 1904 3190 facili
1920 3117 2165 3211 supperaddita
2184 3118 2272 3188 ritis

1412 3220 1571 3292 Diffusos
1586 3217 1717 3291 hedera
1737 3223 1841 3294 vestit
1857 3223 2013 3314 pallente
2027 3221 2229 3314 corymbos.

1413 3321 1453 3395 ln
1469 3323 1588 3394 medio
1605 3326 1678 3395 duo
1693 3325 1814 3418 signa,
1842 3325 1989 3408 Conon,
2015 3337 2050 3394 et
2065 3323 2144 3418 quis
2157 3321 2228 3393 luit
2241 3321 2353 3407 alter,

1413 3426 1608 3520 Descripsit
1625 3426 1728 3497 radio
1745 3441 1859 3499 totum
1877 3427 1939 3522 qui
1955 3426 2118 3519 gentihus
2133 3424 2288 3496 orbem?

1414 3565 1470 3636 Sic
1487 3564 1581 3633 enim
1600 3564 1922 3656 argumentaberis:
1950 3562 2125 3634 Dametae
2145 3575 2263 3631 crater
2279 3585 2410 3631 aureus

1414 3680 1484 3750 est,
1517 3665 1645 3735 melior
1667 3666 1776 3758 igitur
1800 3666 1986 3736 Menalcae
2008 3665 2160 3759 poculo,
2192 3664 2291 3759 quod
2317 3664 2409 3755 fagi-

1413 3794 1501 3840 num
1518 3780 1581 3840 est.
1633 3766 1820 3840 Eiusmodi
1838 3767 2125 3862 comparationes
2141 3763 2257 3836 re'rum
2276 3761 2406 3834 exhor

1414 3873 1493 3941 loco
1510 3870 1585 3963 peti
1605 3869 1731 3942 solent.

1515 3971 1660 4043 Finium
1694 3973 1886 4067 praecipua
1921 3972 1967 4045 sit
2000 3996 2097 4044 cura.
2155 3970 2281 4067 Neque
2309 3970 2404 4038 euim

1414 4075 1512 4148 aliud
1538 4075 1741 4168 diligentius
1763 4075 1967 4173 quaeritur,
2007 4098 2116 4171 quam
2140 4073 2220 4169 quis
2244 4098 2332 4144 usus
2355 4071 2405 4141 rei

1413 4178 1470 4251 sit.
1523 4177 1700 4263 Proinde,
1726 4202 1746 4247 a
1770 4178 1900 4250 finibus
1918 4179 2075 4273 plurima
2097 4179 2283 4248 ducuntur
2306 4198 2403 4267 argu·

1414 4294 1555 4364 menta,
1581 4304 1660 4350 cum
1685 4305 1704 4349 a
1726 4280 1939 4366 dialecticis,
1970 4293 2045 4350 tum
2072 4306 2092 4348 a
2113 4276 2342 4359 rhetoribus,
2365 4288 2402 4344 ut

1415 4384 1568 4478 populus
1582 4382 1769 4455 Romanus
1794 4384 1887 4455 tueri
1908 4384 2033 4454 urbem
2059 4382 2135 4453 vult
2158 4394 2292 4452 contra
2313 4377 2401 4451 subi·

1413 4499 1487 4556 tam
1513 4482 1671 4558 hostium
1695 4486 1790 4571 vim,
1824 4511 1910 4579 ergo
1933 4486 2061 4557 munit.
2116 4482 2338 4554 Dialecticus
2367 4480 2400 4548 in

1413 4590 1684 4682 pervestiganda
1705 4589 1758 4659 rei
1777 4602 1928 4673 natura,
1964 4611 2105 4680 semper
2125 4586 2308 4680 propositi
2332 4579 2400 4653 thc-

1414 4692 1519 4762 matis
1544 4692 1732 4783 proprium
1762 4691 1910 4787 aliquod
1938 4690 2093 4761 officium
2122 4689 2330 4771 constituit,
2366 4697 2400 4754 ut

1413 4790 1590 4878 hominis,
1624 4794 1817 4879 disserere,
1856 4806 1958 4864 acute
1992 4793 2197 4885 disputare,
2243 4789 2398 4861 civilibus

1414 4895 1538 4966 officiis
1559 4920 1642 4967 suos
1665 4896 1808 4977 iuvare3
1850 4898 1899 4968 sic
1929 4896 2104 4980 institiae,
2138 4918 2246 4966 suum
2278 4891 2397 4987 cuique

1414 4999 1591 5082 tribuere,
1623 5022 1747 5091 pacem
1771 4999 1875 5072 tueri.
1934 4997 1982 5069 Bt
2000 4994 2165 5071 rhetores
2184 4996 2226 5067 in
2247 5017 2399 5067 comme·

1414 5101 1599 5173 morandis
1615 5101 1800 5185 laudibus,
1826 5102 1911 5173 item
1927 5101 1966 5172 in
1980 5099 2171 5184 suasoriis,
2196 5098 2265 5195 qni
2284 5120 2399 5169 rerum

1412 5205 1548 5277 fructus
1563 5203 1654 5289 sint,
1677 5207 1722 5275 de
1739 5206 1869 5300 quibus
1885 5206 2022 5298 agitur,
2047 5203 2258 5289 declarant,
2281 5214 2346 5286 ut,
2367 5200 2398 5266 io

1413 5306 1577 5380 laudibus
1599 5307 1715 5399 pacis,
1740 5312 1978 5381 numerantur
1992 5306 2113 5379 omnia
2128 5305 2234 5400 pacis
2249 5325 2396 5378 commo

1413 5411 1479 5496 da,
1505 5409 1622 5482 studia
1638 5433 1759 5482 rerum
1783 5412 2002 5484 urbanarum
2028 5410 2168 5503 privata
2192 5407 2394 5503 republica.

1413 5513 1557 5596 literae,
1591 5514 1843 5599 mercimonia,
1877 5529 1942 5586 etc.
2001 5512 2135 5582 Contra
2153 5512 2336 5583 bellorum
2350 5508 2392 5572 in-

1416 5690 1529 5701 0--·.—-
1558 5691 1617 5698 nn...

1445 5782 1496 5844 ss)
1515 5779 1598 5847 rue.
1614 5780 1849 5849 russo-ss.
