5534 6700
257 596 336 687 269

568 778 763 867 formulae
785 803 945 854 casuum.

361 898 600 991 Singularitcr
615 898 676 998 ⁸¹).
739 900 928 972 Genitivus
950 899 993 971 is.
1054 898 1207 971 Dativus
1227 899 1253 972 i.

257 1001 494 1076 Accusativus
518 1025 587 1074 em.
646 1000 842 1074 vocativus
864 1003 990 1075 similis
1012 1014 1065 1074 est
1086 1001 1254 1072 nomina·

256 1106 348 1178 tivo.
397 1103 587 1176 Ablativus
602 1129 621 1174 e
635 1104 693 1174 vel
708 1103 792 1202 iu),

360 1222 566 1293 Pluraliter.
610 1221 865 1295 Nominativus
880 1248 929 1295 es.
971 1222 1161 1295 Genitivus
1177 1247 1253 1294 um.

256 1324 411 1398 Dativus
433 1326 512 1398 bus.
575 1323 809 1398 Accusativus
838 1338 874 1397 et
893 1324 1089 1398 vocativus
1118 1318 1254 1398 similes

255 1427 484 1499 nominativo
499 1427 643 1521 plurali:
694 1427 883 1500 Ablativus
897 1427 1024 1500 similis
1039 1426 1176 1500 dativo.

276 1538 281 1551 '
360 1546 401 1618 ln
414 1543 483 1618 bac
498 1528 758 1635 declinatione,
783 1549 867 1644 quia
882 1547 1060 1640 genitivus
1077 1546 1167 1618 alias
1186 1569 1254 1618 nu-

257 1675 361 1721 mero
375 1651 595 1745 syllabarum
612 1663 758 1744 superat
772 1651 1058 1737 nominativum,
1080 1648 1171 1721 alias
1185 1671 1254 1743 par

258 1766 313 1824 est
346 1766 382 1823 et
414 1754 454 1824 in
481 1753 710 1824 nominativo
733 1766 769 1824 et
790 1754 830 1825 in
851 1753 1009 1847 genitivo
1031 1751 1252 1848 syllabarum
1305 1772 1315 1783 ·

257 1880 451 1940 numerus,
489 1855 662 1926 formatio
685 1857 833 1951 genitivi
855 1856 964 1950 paulo
987 1869 1041 1952 est
1059 1853 1253 1926 difficilior.

258 1956 330 2029 Sed
352 1982 395 2049 ex
414 1957 678 2050 Paradigmatis
707 1959 811 2030 facile
843 1971 1099 2052 cognoscetur,
1140 1978 1253 2052 quare

258 2059 336 2132 eius
351 2084 452 2133 casus
472 2060 728 2134 formationem
746 2063 1006 2136 aestimandam
1020 2061 1067 2132 ab
1082 2056 1255 2152 exemplis

257 2162 509 2259 relinquimus.

511 2328 789 2422 Paradigma
815 2327 924 2428 iu“)
949 2329 994 2400 A.

363 2457 405 2530 ln
421 2483 442 2530 a
454 2473 583 2532 neutra
597 2474 694 2546 sunt,
708 2475 745 2532 et
751 2462 891 2534 Graeca
906 2463 1042 2548 omnia,
1055 2475 1098 2534 ot
1109 2483 1254 2554 poema,

255 2575 442 2653 tragema,
468 2563 685 2635 carcinoma.
738 2563 844 2635 Certe
866 2576 1002 2638 veteres
1027 2563 1256 2636 declinarunt

257 2659 470 2735 huiuamodi
503 2687 608 2736 voces
640 2665 759 2758 prima
791 2666 1050 2754 declinatione,
1089 2677 1132 2737 ut
1164 2659 1255 2736 baec

258 2762 426 2850 schema,
466 2762 576 2837 huius
604 2762 791 2853 schemae,
825 2772 922 2862 apud
945 2769 1115 2842 Plautum
1143 2765 1255 2868 [Am-

259 2865 373 2971 phitr.
388 2867 488 2940 Prol.
508 2861 628 2964 117.].

373 3060 378 3069 .
489 3000 719 3092 Paradigma.
771 3002 1020 3096 singulariter.

570 3099 641 3175 boc
660 3103 801 3196 poema‘

571 3201 679 3278 buius
701 3207 880 3299 poematis

572 3303 658 3381 huic
679 3310 839 3401 poemati

451 3443 454 3448 ¹
572 3407 643 3482 hoc
665 3435 794 3503 poema

572 3540 595 3585 o
620 3538 750 3606 poema

572 3617 618 3686 ab
640 3611 711 3712 hpc
732 3629 910 3709 poemate.

654 3734 860 3808 Pluraliter.

570 3832 659 3922 haec
684 3850 852 3930 poemata

570 3927 702 4010 borum
727 3953 936 4033 poematum

570 4037 627 4114 his
652 4044 878 4135 poematibus

571 4140 661 4216 haec
681 4158 852 4237 poemata

570 4271 592 4317 o
613 4259 780 4340 poemata

576 4351 622 4419 ab
642 4345 699 4421 his
719 4350 959 4443 poematibus.

460 4484 515 4556 De
533 4486 656 4557 dativo
678 4499 715 4557 et
734 4487 893 4557 ablativo
913 4485 1058 4580 plurali.

364 4602 514 4678 Dativos
530 4619 565 4678 et
581 4606 758 4679 ablativos
777 4607 935 4700 plurales
956 4604 1147 4676 nominum
1170 4605 1209 4674 in
1229 4626 1251 4674 a

254 4708 396 4779 iaciunt
415 4708 522 4779 etiam
547 4733 613 4802 per
634 4709 683 4795 is,
709 4722 751 4781 ut
769 4710 966 4803 poematia,
991 4732 1060 4802 pro
1076 4706 1253 4800 poemati·

254 4813 346 4895 bus,
371 4810 482 4906 idque
498 4836 566 4883 usu
579 4824 761 4906 receptum
779 4825 843 4885 est.

583 5033 585 5037 s
732 4961 775 5037 Ε.

318 5054 321 5058 .
362 5079 403 5151 ln
427 5106 447 5152 e
468 5094 597 5153 neutra
629 5095 713 5155 suut
736 5084 857 5154 omnia
871 5080 920 5178 ⁸⁸)
944 5080 983 5151 in
1003 5076 1072 5152 hae
1095 5080 1252 5151 declina·

253 5183 370 5256 tione.

287 5424 573 5551 Umbennum]
591 5423 633 5477 sto
649 5424 699 5478 Ed.
713 5438 737 5478 s.
750 5435 776 5478 ι,
785 5439 795 5491 3
821 5423 851 5476 ln
862 5422 947 5476 ratu.
961 5423 1049 5490 tm,
1067 5422 1158 5490 lm,
1173 5423 1251 5480 tttt.

286 5574 340 5645 81)
358 5577 505 5630 aruum
523 5590 540 5627 e
555 5575 602 5627 vel
619 5576 655 5636 1.]
676 5575 718 5628 sic
734 5559 785 5631 hd.
798 5587 877 5642 aas
902 5530 942 5630 sb¹
953 5575 1038 5628 Mitt.
1053 5574 1143 5637 lm,
1162 5572 1251 5641 M,

326 5645 405 5699 lu&
422 5648 493 5698 brec
510 5648 620 5698 absum.

287 5730 339 5800 ὅ)
358 5733 527 5799 Parsdtgus
543 5730 586 5800 tn]
604 5734 639 5784 ab
655 5732 707 5784 tto.
725 5746 749 5781 s.
766 5742 793 5782 s.
809 5732 921 5809 strunt
967 5805 971 5814 Ι
1054 5796 1059 5806 Ι

286 5817 340 5885 81)
358 5823 425 5912 spot
442 5815 547 5888 onnia]
566 5819 617 5870 rt.
633 5832 657 5872 s.
672 5817 721 5872 'er
745 5811 839 5867 onnia
855 5817 920 5865 mat

912 607 1036 683 xcvl.
1088 545 1416 683 Gttttttttt'tlutt
1440 604 1633 685 LA'l'lNA.

2218 602 2298 684 2⁷⁰

1535 776 1765 869 Paradigma.
1815 777 2096 870 Singulariters

1510 893 1581 969 hoc
1601 897 1715 969 cubile
1952 888 1955 892 ⁴

1510 996 1618 1072 huius
1649 998 1775 1072 cubilis

1511 1098 1596 1173 huic
1618 1102 1728 1172 cubili

1511 1200 1582 1274 boc
1603 1204 1720 1276 cubile

1514 1330 1537 1376 o
1559 1299 1674 1376 cubile

1460 1425 1461 1428 ’
1512 1408 1560 1478 ab
1580 1403 1650 1479 boc
1670 1406 1790 1479 cubili.
1843 1406 2032 1479 Ablativus
2055 1404 2181 1475 ibuit.

1667 1526 1873 1598 Pluraliter.

1511 1625 1600 1700 baec
1623 1629 1753 1700 cubilia

1511 1727 1643 1803 horum
1666 1731 1839 1803 cubilium

1511 1828 1568 1907 bis
1591 1834 1767 1906 cubilibus

1509 1933 1598 2007 haec
1619 1937 1751 2006 cubilia

1419 2130 1423 2135 Ι
1512 2063 1535 2108 0
1561 2038 1692 2109 cubitia

1370 2134 1392 2188 ⁹
1479 2231 1481 2234 Α
1512 2141 1558 2210 ab
1579 2136 1636 2212 bis
1660 2138 1848 2212 cubilibus.

1407 2257 1505 2332 llaec
1538 2283 1750 2354 praesepes‚
1800 2251 1908 2328 huius
1929 2253 2125 2348 praesepis
2160 2265 2299 2326 veteres

1304 2358 1438 2434 dixere.
1489 2361 1595 2434 Nunc
1610 2358 1681 2433 boc
1703 2382 1874 2454 praesepe
1900 2355 2071 2442 dicimus,
2104 2369 2141 2427 et
2163 2354 2202 2425 in
2225 2355 2300 2427 sin·

1304 2461 1422 2553 gulsri
1452 2460 1627 2538 ἄπτωτον
1660 2488 1736 2536 esse
1764 2465 1839 2533 fere
1867 2459 2038 2532 uariunt.
2103 2457 2298 2530 Pluraliter

1304 2563 1504 2656 praesepia.
1554 2564 1601 2635 Et
1617 2589 1774 2658 gausape
1787 2565 1827 2634 iu
1845 2561 2019 2654 singulari
2034 2559 2209 2636 α”πτιπον
2232 2573 2298 2634 est.

1304 2665 1450 2738 Persius
1463 2661 1558 2764 [Sat.
1575 2666 1613 2750 6,
1627 2661 1708 2765 46.]
1724 2666 1911 2760 pluraliter
1923 2663 2013 2734 dixit
2030 2688 2200 2757 gausapa.

1409 2767 1523 2862 Cepe,
1555 2792 1686 2860 genere
1708 2782 1839 2840 neutro
1863 2765 2165 2836 indeclinabiliter
2187 2764 2296 2856 vulgo

1304 2881 1476 2950 utuntur;
1501 2870 1666 2943 usitatius
1682 2883 1735 2942 est
1748 2869 1854 2942 bonis
1870 2867 2073 2940 autoribus:
2094 2863 2184 2938 bae'c
2198 2889 2299 2960 cepa,

1305 2994 1434 3064 cepae,
1459 2966 1528 3042 bae
1550 2996 1677 3064 cepae,
1702 2997 1886 3064 ceparum.
1996 2966 1999 2970 ’

1408 3071 1562 3146 Ovidius
1580 3069 1696 3175 [Fast.
1705 3068 1766 3160 lll,
1780 3065 1906 3171 θ40.];
1934 3070 2125 3147 (laedenda
2143 3081 2197 3142 est
2209 3065 2299 3140 hor-

1305 3173 1351 3248 tis
1370 3188 1473 3248 eruta
1490 3199 1576 3272 cepa
1592 3176 1694 3249 meis.
1727 3173 1906 3248 luvenalis
1923 3168 2018 3274 [Sat.
2034 3169 2096 3261 16,
2106 3167 2180 3272 9.]:
2206 3170 2307 3255 l’or-¹

1304 3301 1388 3350 rum
1404 3289 1441 3350 et
1456 3302 1541 3373 cepe
1558 3281 1658 3352 nefas
1674 3304 1799 3353 morsu
1813 3278 1963 3350 violare.
2059 3284 2066 3306 ¹

1753 3430 1846 3505 lul.

1401 3547 1573 3624 ’Ἅπτωτα
1587 3564 1683 3636 sunt,
1708 3562 1750 3623 ut
1764 3550 1915 3643 gummi,
1940 3563 2094 3645 suntque
2108 3549 2182 3619 lere
2197 3569 2297 3639 pere·

1305 3653 1428 3744 grina,
1458 3664 1502 3723 ut
1518 3652 1648 3745 sinapi.
1714 3707 1722 3719 .
2015 3667 2019 3676 '

1743 3800 1786 3874 ln
1812 3803 1858 3877 O.

1409 3922 1542 3993 Omnia
1561 3923 1758 4015 genitivum
1782 3925 1944 3995 formant
1965 3923 2023 3995 nis
2044 3923 2207 4017 adposita
2231 3946 2297 3994 no-

1304 4025 1501 4099 minativis.
1539 4024 1610 4097 Sed
1624 4039 1767 4099 mutant
1781 4054 1818 4114 o,
1843 4051 1936 4124 quae
1952 4028 2000 4097 do
2016 4038 2079 4097 aut
2094 4050 2140 4118 go
2155 4025 2297 4095 liniunt.

1303 4126 1479 4199 Retinent
1498 4130 1574 4200 iere
1596 4142 1736 4201 caetera
1761 4143 1839 4201 tum
1862 4129 2081 4212 masculina,
2119 4140 2197 4197 tum
2221 4127 2297 4197 ioe-

1303 4230 1457 4303 miniua.
2256 4232 2259 4235 ⁴

1634 4404 1640 4420 ·
1687 4365 1915 4457 Paradigma.

1407 4465 1468 4538 bic
1489 4468 1626 4538 ardalio

1407 4567 1515 4643 huius
1539 4571 1734 4643 ardelionis
1801 4568 1962 4643 Genitivi
1976 4569 2077 4663 longi
2092 4581 2177 4642 sunt
2191 4591 2296 4662 prae-

1407 4670 1492 4745 huic
1512 4674 1690 4745 ardelioni
1801 4672 2022 4745 terGeutilia
2032 4673 2197 4757 Macedo,
2216 4670 2296 4742 lda-

1407 4771 1505 4847 bunc
1527 4778 1748 4847 ardelionem
1802 4776 1948 4848 cedonis
1963 4772 2024 4870 ll).

1407 4902 1430 4949 o
1453 4878 1590 4948 ardelio

1408 4982 1454 5052 ab
1472 4976 1543 5052 boc
1559 4980 1760 5053 ardelione.

1691 5099 1896 5174 Pluraliter.

1406 5198 1446 5273 hi
1466 5202 1668 5275 ardeliones

1406 5300 1538 5377 horum
1564 5305 1790 5379 ardelionnm

1405 5403 1461 5480 his
1484 5408 1729 5482 ardeliouibus

1313 5574 1459 5590 -——-—›
1511 5583 1515 5587 ,

1335 5667 1387 5738 87)
1405 5668 1526 5723 flenithi
1537 5695 1574 5709 -
1584 5669 1771 5731 uocemue]
1789 5670 1821 5720 ln
1837 5668 1923 5722 tdltt.
1937 5670 2031 5736 tm,
2049 5683 2075 5725 ι.
2087 5680 2132 5739 ι,
2153 5672 2223 5722 taso
2239 5670 2292 5722 sd-

1373 5739 1442 5792 dttts
1456 5738 1486 5791 tn
1508 5739 1685 5791 ansverus:
1710 5738 2022 5805 „assumentum
2039 5739 2230 5793 Nontndrsc
2247 5736 2293 5792 llo
2353 5757 2357 5764 ¹
2419 5775 2422 5780 -

1369 5810 1495 5878 modo,
1512 5810 1686 5875 praecedunt.
