5534 6700
356 592 434 669 dii

462 756 529 831 hos
550 756 751 827 ardeliones

467 889 488 932 o
511 859 712 930 ardeliones

465 966 510 1033 ab
534 957 590 1031 his
615 957 870 1029 ardelionibus.

777 1091 929 1184 Excipe:

462 1198 583 1268 Homo
609 1194 767 1267 hominis
908 1215 1017 1262 nemo
1043 1195 1198 1266 neminis

463 1301 559 1370 Anio
582 1298 732 1369 Anienis
741 1294 790 1390 ⁸⁸)
908 1293 1042 1386 Apollo
1068 1297 1258 1390 Apollinis.

606 1432 822 1525 Paradigrna
849 1429 888 1497 in
915 1430 962 1499 do
990 1442 1109 1526 etgo.

670 1533 759 1606 baec
782 1533 903 1622 imago
951 1610 954 1615 ¹

670 1634 779 1709 huius
800 1634 968 1724 imaginis

672 1737 757 1811 huie
779 1736 929 1828 imagini

671 1839 766 1912 hane
790 1838 983 1929 imaginem

672 1970 695 2014 o
720 1944 839 2032 imago

672 2048 717 2116 ab
742 2039 810 2113 hac
833 2042 1001 2135 imagine.

722 2159 918 2233 Pluraliter
930 2159 991 2256 ¹⁹).

671 2261 741 2337 hoe
762 2262 938 2354 imagines

671 2365 802 2439 harum
828 2366 1025 2457 imaginum

669 2467 727 2542 his
752 2467 971 2560 imaginibus

670 2569 737 2644 has
759 2569 934 2662 imagines

672 2699 696 2745 o
718 2673 892 2766 imagines

671 2777 718 2847 sb
738 2772 796 2847 bis
817 2773 1047 2868 imaginibus.

627 2894 781 2989 Excipe:
814 2893 909 2965 Caro
936 2892 1065 2963 carnis.

1404 1578 1408 1583 α
1507 1479 1593 1556 huic
1613 1483 1698 1555 lacti

928 583 1052 657 PHIL.
1086 584 1200 658 illie.
1227 584 1435 666 scelera
1463 580 1803 657 Pffliomoicai.

1711 748 1907 844 oSappho

1712 856 1756 926 ab
1779 850 1847 925 hac
1867 848 2029 947 Sappho.

1507 1074 1590 1145 Duo
1605 1087 1744 1144 tantum
1760 1087 1845 1145 sunt
1864 1075 2034 1157 nomina,

1506 1173 1576 1249 hoe
1599 1178 1675 1261 lac,
1778 1190 1814 1248 et
1833 1174 1902 1248 hoc
1923 1173 2038 1248 halec.

1508 1279 1588 1353 Hoc
1611 1281 1667 1349 lac
1901 1278 2051 1350 Plautus
2083 1268 2119 1347 et
2148 1274 2219 1349 hoe
2245 1281 2338 1351 lacte
2362 1282 2398 1353 in

1479 1376 1615 1479 ‘huius
1638 1381 1740 1453 lactis
1901 1378 2128 1451 nominativo
2167 1382 2254 1452 dicit
2300 1382 2398 1487 [Me-

1900 1479 2063 1554 naeebm.
2079 1477 2117 1567 6,
2133 1482 2170 1569 9,
2187 1480 2273 1587 Sil]

1410 1694 1413 1701 '
1510 1674 1710 1784 oiae’')⁶
1770 1688 1773 1693 ’
1840 1768 1857 1783 ,Ι

1508 1768 1645 1865 abhoc
1665 1793 1768 1860 lacte.
1914 1784 1917 1789 ’
1995 1798 1999 1806 ’

1620 1984 1630 2009 ,
1699 1908 1845 1980 Plorale
1864 1908 2099 1981 desideratur.
2210 1890 2234 1975 .’
2384 1986 2389 1993 ,

1507 2011 1601 2087 Nam
1624 2013 1732 2084 lactes
1755 2011 1895 2105 plurale
1921 2023 2080 2095 tantum,
2114 2000 2290 2111 signifieat
2305 2015 2398 2087 inte-

1405 2115 1520 2198 stina,
1545 2109 1786 2213 yotmidos.

1715 2212 1786 2286 hoc
1807 2212 1909 2286 halec

1712 2314 1819 2390 huius
1839 2313 1972 2388 halecis
2118 2348 2122 2353 ·

1628 2484 1631 2491 .
1677 2492 1681 2499 ,
1715 2417 1800 2492 huie
1821 2416 1939 2492 haleei

1646 2592 1648 2596 Α
1700 2518 1786 2597 hoc
1806 2517 1982 2621 halec⁸⁸)3

1623 2641 1859 2715 Desideratur
1885 2655 1921 2713 et
1944 2637 2008 2739 bic¹
2023 2641 2171 2732 plurale.

1696 2812 1701 2823 .
1908 2779 1941 2824 ss

1508 2894 1625 2982 1oal,
1658 2899 1688 2970 is
1713 2778 1896 2970 adiictriiri
1907 2781 2152 2978 milesiorum,
2187 2889 2398 2990 habentque

464 3021 594 3091 Pondo
616 3029 785 3087 neutrum
809 3026 880 3097 est,
906 3010 1158 3083 indeclinabile
1179 3010 1354 3104 singulari
1406 3002 1533 3094 longas
1554 3001 1781 3094 penultimas.
1917 3039 1922 3050 ι

362 3108 405 3202 ee
419 3121 552 3217 plurali
565 3141 731 3190 numero.
768 3113 961 3185 Falluntur
977 3114 1095 3198 enim,
1119 3111 1184 3211 qui
1198 3113 1354 3208 singula-

362 3229 463 3298 ribus
479 3218 746 3294 accommodari
762 3242 866 3312 posse
884 3228 1028 3310 negant.
1084 3215 1180 3289 Nam
1198 3228 1234 3286 et
1248 3241 1355 3288 eoro-

363 3356 448 3401 nam
473 3327 595 3419 pondo
618 3322 720 3408 aori,
747 3333 783 3392 et
797 3320 928 3391 libram
944 3320 1088 3413 pondo,
1113 3316 1238 3391 Livius
1254 3318 1354 3393 dixit.
1428 3343 1433 3360 ·

362 3434 493 3505 Pondo
515 3428 661 3522 proprie
682 3425 857 3517 significet
873 3448 986 3495 assem
1002 3447 1066 3494 seu
1080 3422 1232 3506 libram,
1258 3428 1354 3494 unde

364 3535 570 3629 dupondius
585 3528 707 3623 w).
757 3526 823 3599 Est
839 3539 875 3598 ei
887 3551 954 3619 pro
969 3527 1131 3619 pondere
1146 3524 1355 3617 simpliciter

364 3649 596 3729 usurpatum,
638 3657 718 3702 cum
746 3630 907 3700 additum
932 3643 985 3699 est
1011 3628 1226 3700 vocabulum
1251 3628 1354 3701 libre.

348 3737 423 3813 'sic
440 3738 536 3811 enim
554 3736 679 3805 Livius
695 3733 764 3817 ait,
788 3732 899 3801 Libra
914 3733 1037 3824 pondo
1058 3730 1138 3802 auri
1163 3743 1228 3800 eie.

466 3853 620 3947 Propria
646 3852 685 3920 in
706 3875 728 3920 o
752 3849 971 3934 foeminina,
1004 3850 1217 3944 regulariter
1233 3848 1356 3920 Latini
1433 3849 1436 3853 ’

365 3958 569 4040 declinant,
588 3967 631 4025 ut

674 4050 763 4124 haec
784 4050 875 4123 luno

481 4249 483 4253 ι
676 4153 784 4229 huius
802 4153 961 4226 lunonis.

468 4265 605 4336 Graeca
622 4261 731 4331 eiiam
750 4260 788 4327 in
803 4283 825 4328 o
840 4272 977 4329 veteres
991 4257 1041 4329 sie
1058 4256 1296 4340 declinarunt,
1316 4267 1357 4325 ut

676 4360 766 4432 haec
791 4357 938 4453 Sappho

677 4462 783 4534 huius
805 4460 1020 4554 Sapphonis.

467 4569 604 4640 Verum
635 4590 719 4637 usus
750 4566 925 4647 obtinuit,
965 4576 1007 4633 nt
1033 4564 1171 4634 Graeca
1202 4562 1357 4634 declina·

365 4676 466 4746 tione
481 4674 673 4744 flectantur
689 4669 847 4740 Graeca:

676 4767 766 4842 haec
788 4765 937 4861 Sappho

675 4872 781 4945 huius
803 4868 969 4964 Sapphus
979 4870 1027 4967 ⁹¹)

675 4973 760 5048 huic
782 4971 928 5067 Sappho
943 4973 991 5067 Ἰ)

677 5074 771 5149 hanc
796 5074 1000 5171 Sappho⁰¹)

401 5323 450 5390 w)
468 5322 600 5383 Anienis]
618 5321 662 5372 eie
671 5320 756 5371 iiditt.
769 5318 856 5384 im,
870 5317 957 5381 M,
972 5330 997 5369 ι.
1010 5328 1054 5381 ις
1070 5316 1121 5368 tii.
1132 5314 1208 5368 Μ.
1222 5312 1359 5365 Anientis.

401 5409 450 5477 89)
471 5413 531 5461 lise
548 5411 656 5461 iornse
674 5407 750 5459 itur.
769 5405 797 5455 in
818 5406 865 5456 itii.
885 5420 910 5455 s.
929 5416 955 5455 n.
972 5403 1074 5456 duent
1092 5414 1197 5455 onnes.

401 5495 451 5563 90)
469 5495 623 5560 dupondius
641 5495 708 5554 est]
725 5490 809 5541 Editt.
829 5490 922 5554 im,
947 5505 972 5540 s.
991 5501 1018 5541 s.
1036 5488 1155 5540 addunt:
1180 5486 1208 5536 id
1224 5488 1283 5551 est,
1305 5487 1361 5536 dno

435 5576 519 5617 uses

401 5652 453 5712 91)
471 5602 615 5715 Sapphus,
634 5649 761 5712 suppio,
786 5642 908 5713 suppio]
927 5645 970 5698 elo
987 5643 1039 5699 lid.
1056 5657 1083 5699 ι.
1099 5654 1144 5708 ι.)
1167 5640 1252 5693 retu.
1272 5638 1361 5703 im,

438 5720 527 5785 im,
541 5719 616 5771 16⁴⁸.
634 5715 779 5798 conpede,
795 5714 902 5783 σαπφό
915 5712 982 5781 (ei.
993 5714 1068 5767 lm.
1087 5707 1207 5780 Μφῆ,
1223 5707 1361 5766 EUM.

438 5785 581 5858 suppio),
600 5800 708 5854 suuper

1726 3125 1740 3145 ‘
1786 3115 2014 3207 Paradigma.

1716 3218 1786 3292 hoc
1807 3217 1958 3310 vectigal

1715 3319 1822 3396 huius
1840 3320 2021 3419 vestigalis

1714 3422 1798 3497 huic
1820 3424 1985 3516 vectigali

1715 3525 1786 3598 hoe
1811 3526 1963 3618 vectigal

1717 3656 1740 3700 o
1757 3630 1909 3721 vectigal

1714 3734 1761 3803 ab
1786 3729 1856 3802 hoe
1876 3728 2051 3820 vectigali.

1800 3850 2005 3923 Pluraliter.

1716 3953 1805 4026 haee
1825 3953 2012 4045 vectigalia

1718 4054 1849 4129 horum
1874 4054 2099 4147 vectigalium

1717 4157 1773 4230 bis
1793 4158 2037 4251 vectigalibus.
2089 4150 2095 4166 ⁸

1511 4281 1572 4352 Sal
1587 4282 1689 4364 salis,
1715 4280 1872 4373 priorem
1896 4280 2040 4348 brevem
2064 4274 2184 4349 habet.
2239 4277 2401 4349 Catullus

1410 4384 1493 4486 [87,
1508 4380 1583 4483 4.]:
1608 4383 1650 4453 ln
1667 4396 1743 4453 toto
1761 4406 1837 4452 non
1853 4394 1906 4453 est
1921 4406 2073 4473 corpore
2092 4381 2182 4451 mica
2200 4382 2295 4453 salis.
2342 4380 2401 4452 Sic

1410 4503 1445 4559 et
1461 4488 1672 4581 peregrina,
1698 4486 1881 4557 Hannibal
1899 4485 2121 4555 Hannibalis.
2156 4501 2166 4516 '

1512 4724 1553 4796 ln
1568 4728 1601 4796 el
1613 4725 1687 4796 duo
1708 4738 1810 4809 sunt,
1838 4725 1910 4793 mel
1925 4737 1962 4793 et
1974 4723 2034 4794 fel.

1613 4825 1684 4898 hoe
1704 4828 1774 4896 mel
1927 4824 1987 4896 Sic
2007 4822 2077 4896 hoc
2098 4828 2157 4910 iel,

1617 4926 1724 5002 huius
1750 4928 1864 5001 mellis
1925 4924 2033 5000 huius
2054 4930 2155 5001 fellis.

1616 5029 1701 5105 huic
1726 5030 1823 5102 melli

1616 5131 1687 5206 hoc
1708 5135 1779 5204 mel

1619 5264 1640 5308 o
1664 5239 1735 5307 mel
1748 5236 1798 5329 ⁹⁸)

1619 5342 1664 5410 ab
1686 5336 1755 5410 hot
1774 5340 1891 5410 melle.

1419 5462 1620 5479 w

1446 5511 1497 5572 rs)
1515 5510 1566 5562 ure
1583 5509 1682 5562 voest.
1702 5508 1729 5559 u
1746 5508 1833 5559 rare.
1851 5501 1944 5575 isse,
1965 5508 2058 5573 urs,
2080 5507 2154 5559 uss.
2173 5506 2263 5562 esur.
2297 5496 2303 5507 ·

1446 5598 1496 5659 rs)
1511 5597 1565 5648 >re
1584 5610 1609 5653 ι.
1627 5608 1655 5650 ι.
1672 5595 1749 5648 seen
1769 5595 1836 5651 roc.
1855 5599 1885 5648 at
1902 5597 1979 5651 som
2002 5594 2020 5648 o
2039 5597 2134 5661 mss,
2151 5596 2187 5647 ss
2203 5595 2256 5647 roe
2271 5593 2379 5647 sum

1446 5683 1802 5753 mmmmn

1289 5846 1294 5852 ι
1447 5770 1496 5839 ii)
1514 5771 1566 5828 iiio
1583 5772 1653 5824 Vno.
1667 5774 1706 5825 ‘nt
1724 5771 1808 5823 iiiiii.
1826 5771 1919 5836 im,
1940 5770 2033 5839 im,
2053 5771 2129 5824 1616.
2147 5772 2235 5823 ebert.
