5534 6700
480 586 556 659 rso
1007 572 1132 660 rm„
1158 584 1272 659 nun.
1298 582 1502 658 sennua
1526 582 1659 658 vanu
1681 581 1987 657 arnuncort.
2344 563 2347 568 ’
2441 580 2519 653 rao

481 755 613 827 Omnis
627 755 741 846 pietas
758 767 810 824 est
827 753 951 835 virtus,
979 754 1017 822 in
1035 750 1120 824 hoc:
1155 755 1341 848 Quaedam
1358 755 1472 825 virtus
1523 754 1722 848 syllogismi
1745 755 1937 848 proponit,
1970 752 2132 824 Coelium
2152 774 2228 820 non
2252 775 2325 822 esse
2348 751 2521 844 volupta-

483 871 537 929 est
553 857 679 949 pietas.
712 857 761 924 Ac
775 877 881 945 supra
898 857 1082 940 admonui,
1109 858 1352 928 conversionis
1366 881 1470 927 usum
1524 858 1639 938 rium;
1665 851 1794 926 dehinc
1811 858 1988 926 minorem
2007 854 2186 947 producit,
2201 853 2518 924 instructissimam

481 982 631 1029 menon
644 957 766 1025 videre
780 959 875 1048 apud
892 969 1073 1041 oratores,
1097 960 1213 1028 autin
1235 971 1310 1028 tota
1331 958 1472 1027 ratione
1524 959 1622 1028 illam
1639 959 1783 1052 quidem
1801 968 1841 1029 ut
1856 958 1991 1038 omnia,
2009 952 2066 1027 his
2083 955 2214 1025 verbis:
2241 955 2416 1042 Audistis,
2437 981 2516 1026 cum

481 1057 674 1153 loquendi,
714 1059 760 1127 ad
792 1053 971 1150 sophistas
1000 1057 1089 1130 haec
1110 1061 1253 1152 nugalia
1278 1061 1472 1152 pertinent,
1523 1084 1591 1152 pro
1621 1084 1659 1131 se
1691 1061 1842 1143 diceret,
1885 1058 2032 1129 audistis
2056 1070 2182 1140 autea,
2213 1081 2294 1126 cum
2320 1074 2516 1143 accusaret,

483 1161 547 1255 qui
562 1160 612 1230 sic
628 1159 810 1229 dialectica
835 1173 1009 1244 tractant,
1035 1175 1076 1232 ut
1099 1187 1223 1232 eorum
1247 1187 1349 1232 usum
1372 1162 1473 1252 peni·

486 1273 543 1332 tus
557 1262 736 1353 ignorent.
787 1261 879 1333 Nam
895 1263 974 1355 quis
991 1265 1047 1332 vel
1062 1264 1209 1335 insanus
1225 1266 1275 1333 sic
1291 1264 1452 1355 colligat:

638 1361 767 1432 Omnis
783 1363 916 1433 iustitia
937 1377 989 1434 est
1001 1365 1136 1449 virtus,

639 1463 768 1533 Omnis
782 1464 896 1555 pietas
915 1479 968 1536 est
982 1467 1131 1549 iustitia,
1157 1490 1242 1556 ergo

635 1564 822 1658 Quaedam
838 1567 952 1638 virtus
967 1582 1020 1639 est
1035 1569 1160 1660 pietas.

585 1682 712 1776 Neque
729 1685 825 1752 enim
843 1686 1024 1756 conclusio
1041 1686 1123 1757 talis
1136 1710 1179 1756 ex
1192 1680 1248 1755 his
1261 1683 1474 1776 pronuntia-

483 1783 530 1854 tis
552 1785 700 1875 proprie
725 1787 975 1879 consequitur,
1013 1812 1124 1882 quare
1153 1787 1378 1881 syllogismus
1404 1785 1474 1854 dici

482 1909 560 1954 non
577 1887 702 1970 dehet,
729 1887 766 1954 iu
781 1911 854 1980 quo
871 1912 946 1957 non
970 1903 1052 1982 apte
1078 1915 1158 1959 cum
1181 1890 1319 1959 maiore
1343 1911 1385 1957 ac
1407 1887 1474 1956 rni-

486 2011 577 2056 nore
594 1983 763 2057 cohaeret
779 1991 973 2061 conclusio.

740 2156 803 2228 De
828 2161 1022 2229 secunda
1048 2160 1217 2250 figura.

584 2294 747 2363 Secunda
764 2294 876 2384 figura
895 2306 965 2377 est,
989 2296 1028 2363 in
1043 2318 1114 2387 qua
1128 2295 1307 2378 medium,
1335 2307 1409 2363 tam
1435 2294 1474 2362 iu

482 2394 641 2479 maiore,
668 2420 775 2488 quam
792 2395 831 2463 in
847 2395 987 2465 minore
1002 2395 1198 2487 praedicati
1214 2397 1326 2466 vicem
1348 2397 1474 2465 defun·

480 2497 596 2589 gitur,
622 2511 744 2590 estque
762 2497 836 2567 eius
851 2498 1071 2567 admirabilis
1085 2522 1169 2567 usus
1193 2499 1230 2565 in
1253 2498 1474 2567 coniectura-

480 2599 575 2669 libus
590 2599 827 2688 argumentis,
853 2599 1031 2692 planeque
1051 2599 1089 2666 in
1108 2601 1274 2670 omnihus
1296 2599 1474 2693 quaestio·

480 2701 606 2782 nibus,
639 2701 701 2769 uhi
719 2727 738 2770 e
755 2701 954 2792 posteriore
974 2701 1074 2793 prius
1096 2702 1289 2794 quiddam,
1322 2725 1385 2772 ceu
1408 2722 1473 2792 per

484 2803 708 2872 coniecturas
723 2803 1006 2897 vestigamusff).
1047 2800 1255 2872 incredibile
1269 2816 1339 2886 est,-
1359 2825 1474 2897 quan-

482 2917 557 2974 tam
581 2904 875 2975 commoditatem
897 2928 940 2974 ex
961 2901 1029 2973 hae
1051 2905 1327 2996 argumentandi
1353 2908 1471 2973 forma

481 3018 716 3098 percepturus
738 3007 803 3089 sis,
833 3007 864 3076 si
888 3007 1078 3096 diligenter
1098 3032 1176 3075 eam
1200 3007 1238 3074 in
1260 3006 1473 3077 coniecturis

482 3108 702 3189 exercueris,
731 3121 792 3190 ut,
822 3105 1023 3199 Episcopus
1042 3131 1118 3177 uon
1145 3109 1391 3198 belligeratur,
1417 3105 1473 3178 lu-

480 3207 551 3278 lius
566 3208 816 3297 belligeratur,
840 3231 917 3278 non
939 3223 993 3279 est
1013 3208 1123 3300 igitur
1136 3209 1346 3301 Episcopus.
1397 3209 1473 3278 llac

482 3310 760 3401 argumentandi
782 3311 898 3380 lorma
923 3324 959 3381 et
975 3311 1100 3382 Cicero
1121 3335 1201 3382 cum
1229 3312 1314 3382 alibi
1333 3313 1474 3396 crebro,

485 3412 647 3505 tum'pro
662 3414 755 3482 Mar.
773 3413 897 3483 Coelio
915 3416 1047 3497 utitur,
1072 3416 1123 3485 sic
1136 3416 1320 3507 colligens:
1355 3415 1472 3487 Nemo

480 3515 706 3608 voluptarius
734 3516 920 3586 literarum
950 3518 1129 3588 studiosus
1156 3530 1229 3601 est,
1269 3530 1306 3586 at
1330 3516 1473 3587 Coelius

480 3618 668 3688 literarum
699 3618 895 3703 studiosus,
909 3632 982 3701 est,
1016 3620 1239 3712 voluptarius
1262 3620 1373 3710 igitur
1398 3643 1474 3688 uon

482 3734 555 3804 est,
581 3745 688 3814 quem
704 3720 948 3812 syllogismum
965 3722 1125 3791 oratorio
1150 3745 1251 3792 more
1273 3721 1474 3814 copiosissi-

479 3846 539 3890 me
556 3822 703 3913 exponit
710 3821 854 3904 Cicero,
879 3823 1036 3914 primum
1053 3824 1336 3917 complexionem
1357 3823 1471 3916 ipsam

479 3946 709 4015 proponens,
756 3923 886 3992 deinde
920 3925 1124 4009 minorem,
1170 3938 1252 4016 post
1286 3927 1472 3998 maiorem.

480 4024 576 4097 Nam
609 4020 680 4094 hoc
715 4025 842 4094 ordine
875 4027 949 4096 fere
979 4039 1016 4095 et
1048 4023 1308 4099 Demosthenes
1346 4029 1472 4099 utitur.

480 4126 601 4198 Verba
617 4126 820 4212 Ciceronis,
847 4151 921 4221 quo
945 4140 1106 4198 asuescat
1122 4128 1287 4199 iuventus
1310 4131 1356 4199 ad
1380 4129 1472 4200 iudi·

481 4230 576 4302 cium
601 4254 667 4322 per
695 4230 876 4322 exempla,
916 4231 1122 4301 subiiciam:
1165 4230 1213 4299 dt
1243 4255 1329 4300 vero
1361 4231 1400 4299 iu
1421 4232 1471 4303 M.

483 4333 606 4405 Coelio
639 4331 771 4424 (dicam
801 4333 896 4401 euim
921 4334 992 4402 iam
1020 4332 1256 4403 confidentius
1278 4336 1322 4402 de
1345 4334 1472 4405 studiis

481 4437 558 4507 eius
578 4431 756 4517 honestis,
783 4458 875 4528 quae
900 4438 1016 4505 audeo
1040 4449 1155 4506 vestra
1180 4437 1336 4530 quadam
1360 4438 1472 4507 fretus

481 4538 677 4630 sapientia,
703 4538 814 4607 libere
830 4536 1009 4634 confiteri)
1023 4539 1121 4609 nulla
1144 4538 1301 4609 luxuries
1316 4540 1471 4631 reperie-

481 4654 560 4725 tur,
594 4640 685 4710 nulli
705 4653 889 4731 sumptus,
923 4642 1062 4711 nullum
1087 4663 1146 4711 aes
1168 4641 1346 4725 alienum,
1371 4643 1470 4711 nulla

480 4743 729 4814 conviviorum
753 4766 796 4812 ac
817 4744 1011 4814 lustrorum
1037 4743 1170 4826 libido,
1202 4746 1300 4836 quod
1324 4744 1468 4837 quidem

480 4846 608 4917 vitium
626 4846 761 4916 ventris
778 4859 814 4915 et
831 4847 1003 4936 gutturis,
1028 4869 1103 4914 non
1125 4848 1235 4913 modo
1250 4845 1379 4940 non⁰‘)
1403 4846 1469 4914 mi-

479 4951 561 5017 nuit
573 4962 670 5019 aetas
684 4943 911 5030 hominibus,
936 4951 998 5017 sed
1015 4960 1050 5015 et
1066 4959 1183 5036 auget.
1235 4946 1387 5018 Amores
1407 4971 1470 5017 au-

479 5062 574 5131 tem,
606 5063 642 5119 et
662 5047 730 5119 hae
750 5050 913 5132 delitiae,
955 5074 1047 5143 quae
1071 5062 1264 5131 vocantur,
1299 5075 1390 5143 quae
1410 5052 1470 5120 lir-

478 5150 596 5220 miore
626 5152 747 5219 animo
769 5152 941 5243 praeditis
968 5151 1101 5223 diutius
1121 5153 1291 5220 molestae
1315 5176 1389 5220 non
1413 5178 1470 5222 so-

477 5254 555 5322 lent
577 5275 668 5333 esse,
694 5265 834 5323 mature
858 5256 954 5323 enim
980 5268 1015 5324 et
1038 5254 1199 5323 celeriter
1220 5253 1469 5339 deflorescunt,

477 5378 665 5449 nunquam
680 5347 777 5423 hunc
793 5370 1025 5449 occupatum,
1049 5357 1332 5449 impeditumque
1346 5371 1469 5429 tenue-

478 5469 576 5528 runt.
627 5454 809 5528 Hactenus
824 5458 949 5528 Cicero
965 5456 1084 5529 thema
1102 5484 1164 5530 seu
1183 5459 1466 5550 complexionem

512 5690 561 5751 ω)
579 5694 680 5745 Auuot.
692 5700 799 5755 marg:
817 5688 960 5739 §modae
972 5690 1079 5753 figuras
1092 5703 1160 5739 usus
1181 5693 1227 5740 est
1244 5690 1274 5742 tn
1291 5691 1467 5743 comeoeurls.

496 5777 561 5838 ,m
577 5773 648 5843 non]
665 5778 718 5828 hoe
733 5776 853 5828 sltem
870 5775 899 5826 ln
915 5774 967 5825 td.
981 5776 1007 5827 ι
1022 5774 1159 5858 'onum
1177 5778 1238 5835 est..

1525 1160 1758 1255 (defendendi
1779 1186 1900 1232 caussa
1917 1157 2025 1242 haec,
2050 1183 2124 1228 non
2146 1158 2326 1250 gloriandi
2344 1160 2516 1258 eloquor)

1524 1288 1635 1356 genus
1657 1263 1852 1348 orationis,
1890 1262 2115 1345 facultatem,
2155 1261 2295 1352 copiam
2321 1265 2516 1333 sententia-

1525 1390 1604 1435 rum
1623 1377 1730 1461 atque
1744 1365 1957 1447 verborum,
1984 1386 2075 1456 quae
2094 1374 2210 1432 vestra
2235 1364 2429 1455 prudentia
2455 1381 2516 1451 est,

1454 1532 1460 1557 Ι,
1525 1466 1770 1559 perspexistis,
1812 1479 1919 1562 atque
1948 1466 1986 1534 in
2009 1489 2051 1532 eo
2078 1488 2153 1533 non
2181 1465 2297 1535 solum
2330 1465 2514 1557 ingenium

1526 1570 1664 1638 elucere
1679 1569 1755 1640 eius
1770 1567 1964 1651 videbatis,
1991 1567 2089 1660 quod
2103 1589 2210 1658 saepe
2226 1566 2335 1636 etiam
2358 1567 2388 1637 si
2409 1569 2515 1640 iudu-

1525 1669 1610 1740 stria
1628 1694 1702 1738 non
1718 1670 1846 1753 alitur,
1875 1670 1969 1739 valet
1989 1681 2110 1737 tamen
2133 1667 2249 1759 ipsum
2272 1669 2346 1739 suis
2367 1670 2515 1743 viribus.

1525 1771 1594 1842 Sed
1618 1771 1735 1841 iuerat
1757 1768 1843 1865 (nisi
1863 1795 1920 1839 me
1941 1782 2091 1862 propter
2110 1771 2399 1841 benevolentiam
2424 1775 2515 1845 forte

1525 1873 1686 1969 fallebat)
1702 1873 1819 1942 oratio
1834 1873 1986 1942 ethonis
2002 1870 2137 1942 artibus
2161 1871 2344 1958 instituta,
2371 1887 2408 1944 et
2425 1900 2516 1970 'cura

1526 1987 1562 2044 et
1577 1975 1706 2066 vigiliis
1722 1976 1917 2044 elaborata.
1969 1971 2148 2044 Hactenus
2164 1972 2289 2046 Cicero
2311 1979 2518 2069 argumenti

1526 2077 1702 2146 minorem
1733 2074 1854 2159 duxit,
1897 2099 2005 2168 quam
2036 2089 2205 2163 exornat,
2240 2079 2427 2174 munitque
2452 2082 2518 2149 ad·

1526 2179 1614 2248 iecta
1632 2180 1790 2263 maiore,
1816 2177 1934 2246 omnis
1949 2177 2044 2245 enim
2062 2179 2178 2248 maior
2193 2179 2232 2273 in
2256 2180 2391 2250 duabus
2416 2182 2518 2274 prio-

1524 2279 1624 2350 ribus
1651 2281 1773 2372 liguris
1807 2278 2110 2377 conformatiot’)
2141 2283 2318 2374 quaedam
2348 2285 2517 2373 gnomica

1526 2379 1649 2478 θεῖ’).
1701 2381 1758 2452 Sic
1774 2405 1861 2450 vero
1877 2380 1954 2449 ille:
1987 2380 2105 2476 Atque
2129 2383 2255 2454 scitote
2274 2385 2430 2471 iudices,
2456 2411 2518 2457 eas

1525 2484 1757 2577 cupiditates,
1783 2506 1875 2577 quae
1895 2482 2113 2554 obiiciantur
2127 2483 2274 2570 Coelio,
2296 2501 2406 2583 atque
2427 2483 2517 2558 haee

1524 2586 1663 2670 studia,
1687 2588 1731 2655 de
1754 2585 1883 2679 quibus
1906 2583 2070 2676 disputo,
2105 2611 2180 2656 non
2202 2589 2304 2659 facile
2326 2589 2364 2657 in
2387 2593 2516 2660 eodem

1523 2683 1673 2787 homine
1700 2712 1774 2759 esse
1795 2709 1910 2781 posse.
1965 2684 2063 2756 Fieri
2087 2690 2182 2759 enim
2207 2716 2282 2760 non
2304 2704 2440 2783 potest,
2479 2705 2519 2762 ut

1525 2789 1666 2862 animus
1680 2786 1822 2860 libidini
1837 2787 1997 2873 deditus,
2024 2814 2165 2876 amore,
2191 2793 2390 2878 desiderio,
2414 2794 2520 2887 cupi-

1524 2891 1654 2977 ditate,
1680 2917 1743 2985 spe
1766 2890 1899 2974 nimia,
1926 2890 2049 2984 copia,
2076 2892 2196 2984 inopia
2216 2896 2322 2964 etiam
2343 2920 2519 2966 nonnun-

1525 3019 1633 3091 quam
1652 2992 1862 3089 impeditus,
1885 2988 1955 3062 hoc
1969 2993 2141 3087 quidquid
2158 3007 2228 3079 est,
2261 2999 2358 3089 quod
2375 3022 2447 3068 nos
2465 2999 2520 3066 fa·

1525 3095 1637 3166 'cimus
1657 3094 1695 3164 in
1718 3097 1890 3180 diceudo,
1917 3117 1992 3163 non
2013 3097 2120 3164 modo
2142 3098 2299 3189 agendo,
2324 3123 2459 3168 verum
2485 3112 2519 3168 et

1525 3198 1713 3288 cogitando
1729 3196 1840 3290 possit
1852 3197 2045 3282 sustinere,
2068 3209 2174 3291 atque
2190 3192 2279 3267 haec
2299 3199 2420 3269 forma
2440 3226 2518 3270 rna·

1524 3298 1581 3369 ior
1596 3312 1649 3372 est
1663 3300 1875 3394 argumenti.
1926 3298 2073 3372 Possem
2097 3295 2166 3370 hoc
2188 3323 2297 3393 genus
2322 3303 2514 3374 innumera

1525 3428 1604 3473 cum
1625 3397 1671 3472 ex‘
1679 3397 1899 3497 prophanis,
1926 3415 2001 3473 tum
2014 3394 2062 3473 'ex
2077 3403 2186 3473 sacris
2203 3404 2407 3476 oratoribus
2430 3429 2516 3499 pro-

1524 3506 1675 3589 ducere,
1708 3506 1779 3577 uisi
1801 3504 1932 3576 nollem
1955 3508 2177 3576 iuventutem
2199 3506 2359 3579 obscuris
2382 3505 2515 3590 alicubi

1524 3607 1694 3700 exemplis
1710 3632 1871 3679 onerare.
1923 3605 2097 3680 Observet
2117 3607 2268 3704 quisque
2284 3622 2516 3701 argumento·

1523 3735 1605 3779 rum
1621 3706 1805 3795 ordinem,
1830 3710 2079 3805 rationemque
2097 3712 2287 3803 diligenter
2305 3710 2342 3779 in
2364 3710 2514 3802 optimis

1525 3811 1724 3907 quibusque
1740 3812 1991 3905 scriptoribus,
2018 3839 2090 3907 quo
2107 3826 2143 3883 et
2157 3814 2301 3883 illorum
2317 3812 2515 3883 sententias

1524 3915 1654 3985 certius
1676 3927 1904 4009 assequatur,
1947 3928 1982 3984 et
2002 3915 2157 4001 imitari,
2197 3918 2229 3986 si
2261 3917 2405 4011 quando
2427 3940 2517 3987 usus

1523 4016 1736 4110 postulabit,
1760 4016 1899 4087 facilius
1915 4030 2034 4112 queat.

1601 4187 1724 4257 Modi
1755 4191 1978 4259 secundae
2012 4189 2193 4280 figurae
2233 4201 2445 4283 quatuor

1811 4290 2023 4381 negativi
2057 4314 2219 4362 omnes.

1523 4421 1589 4495 Ces
1624 4422 1741 4494 Nemo
1756 4425 1873 4496 bonus
1888 4438 1940 4496 est
1960 4450 2085 4497 amans
2102 4424 2257 4518 gloriae,

1522 4549 1543 4595 a
1625 4524 1761 4598 Omnes
1794 4523 2000 4620 philosophi
2038 4542 2121 4599 suut
2160 4541 2325 4600 amantes
2366 4530 2515 4621 gloriae,

1929 4654 2015 4699 ero

1521 4755 1560 4799 re
1623 4729 1739 4801 Nemo
1756 4656 2053 4824 philosophoium
2073 4744 2126 4803 est
2142 4733 2268 4802 bouus.
2295 4711 2298 4716 ⁸

1522 4848 1608 4918 Cam
1627 4847 1762 4917 Omnes
1777 4848 1865 4917 boni
1880 4861 1963 4919 suut
1978 4862 2241 4940 contemptores
2256 4850 2421 4939 gloriae,

1522 4975 1558 5021 es
1626 4950 1741 5021 Nemo
1775 4947 2073 5043 philosophorum
2106 4951 2306 5021 coutemnit
2346 4954 2509 5044 gloriam,

1929 5077 1968 5121 er
1992 5079 2014 5122 o

1520 5167 1592 5224 tres
1629 5154 1745 5227 Nemo
1762 5079 2060 5246 philosophogrum
2076 5158 2268 5226 bonusest.

1520 5274 1587 5347 Fes
1625 5273 1740 5345 Nemo
1751 5276 2036 5367 voluptariorum
2049 5288 2101 5347 est
2115 5275 2294 5346 studiosus
2309 5276 2503 5357 literarum,

1521 5378 1549 5445 ti
1624 5376 1766 5448 Coelius
1782 5389 1834 5448 est
1847 5378 2026 5449 studiosus
2041 5379 2245 5459 literarum,
2272 5401 2365 5470 ergo

1520 5505 1581 5550 no.
1627 5479 1768 5550 Coelius
1781 5505 1854 5549 non
1871 5495 1923 5552 est
1938 5481 2171 5572 voluptarius.

1553 5685 1603 5744 tt)
1621 5679 1816 5749 concor-atto]
1833 5683 1884 5735 Ed.
1897 5683 1924 5737 2.
1943 5696 2042 5736 errore
2059 5684 2137 5747 «ηε
2160 5660 2336 5737 mornatio

1553 5769 1602 5830 ot)
1615 5769 1717 5820 annot.
1726 5778 1824 5836 merga
1837 5769 1969 5822 orontes
1978 5769 2160 5823 contonam
2170 5769 2288 5821 noratis
2299 5773 2453 5825 reum&
2463 5771 2510 5822 sst-
