5534 6700
287 576 364 649 sua
920 562 1540 645 inutraumraanvouu
1564 561 1692 637 1-ic
2243 561 2319 659 soa

285 768 387 817 mum
403 742 563 815 balsami
575 738 736 828 hortum,
750 742 886 838 alioqui
900 767 986 815 vero
999 756 1149 837 propter
1163 744 1278 835 ipsam
1330 765 1407 824 ses,
1432 737 1621 829 coniugem
1637 734 1782 828 vestigia
1799 747 1861 806 tua
1875 756 1971 828 pone
1985 733 2180 824 legentem,
2207 742 2242 801 et
2258 743 2321 802 aut

283 847 508 921 fertilitatem
533 845 687 918 obnoxia
704 846 989 918 latrunculorum
1006 846 1206 918 vicinorum
1225 844 1280 914 in·
1331 841 1518 933 gravidam
1535 860 1711 933 aegreque
1727 837 1950 908 incedentem
1967 833 2152 931 conqueri,
2177 844 2240 904 aut
2254 830 2321 903 sub

284 950 532 1034 unctionibus,
556 973 604 1019 ne
628 949 765 1023 incolae
782 950 852 1019 loci
867 950 963 1021 illius
980 948 1144 1041 occup'ati
1160 951 1280 1018 deme·
1332 947 1492 1038 pondere
1513 967 1635 1013 recens
1656 941 1744 1010 editi
1760 939 1904 1010 infantis
1919 937 2150 1030 ingemiscere
2167 933 2322 1005 audivis-

287 1053 404 1125 tendis
418 1064 454 1122 et
466 1051 706 1143 importandis
720 1051 902 1144 frugibus,
927 1052 1096 1137 inermes,
1117 1063 1280 1143 tempore
1331 1071 1405 1127 sess
1430 1046 1584 1140 denique
1609 1067 1736 1114 omnes
1758 1055 1840 1114 tuos
1862 1038 2010 1113 vidisses
2031 1036 2322 1110 consternatione

286 1154 411 1227 messis
443 1155 563 1224 subito
596 1154 634 1222 in
667 1154 761 1244 agris
789 1156 1080 1246 opprimerentur
1105 1179 1125 1223 a
1154 1152 1280 1223 vicinis
1332 1150 1505 1243 pallentes
1527 1161 1563 1218 et
1585 1147 1826 1240 trepidantes,
1850 1168 1892 1214 ac
1905 1144 1948 1215 de
1964 1144 2035 1214 fine
2050 1140 2272 1235 periculosae
2287 1151 2324 1209 et

283 1256 567 1348 grassatoribus,
591 1257 791 1341 Arabibus‚
817 1257 987 1328 Moabitis
1003 1271 1039 1327 et
1056 1256 1146 1327 aliis.
1332 1276 1480 1345 asperae
1498 1251 1577 1321 viae
1592 1250 1742 1322 subinde
1758 1244 2001 1320 sciscitantes?
2038 1243 2170 1319 Nonne
2185 1238 2324 1339 probis

311 1428 314 1434 .
386 1357 458 1429 Sed
486 1353 583 1427 hunc
604 1359 722 1451 ipsum
746 1372 829 1429 ante
851 1355 920 1430 huc
941 1373 1083 1451 tempus
1105 1358 1277 1428 invictum
1330 1354 1523 1439 sollicitus,
1547 1353 1674 1424 crebro
1696 1352 1866 1423 adversus
1886 1349 2024 1420 flumen
2042 1349 2089 1417 ad
2102 1347 2202 1417 illam
2220 1342 2325 1416 terri·

283 1485 451 1543 rourum,
488 1456 678 1530 Iordanem
713 1462 897 1545 videlicet,
935 1463 1142 1554 plenissimo
1177 1462 1278 1529 alveo
1330 1456 1439 1526 bilem
1463 1457 1595 1526 molem
1617 1467 1845 1525 coacervatae
1868 1451 1908 1522 in
1929 1451 2142 1523 immensam
2165 1445 2324 1521 altitudi-

284 1561 456 1633 lluentem
477 1575 514 1632 et
537 1557 795 1650 exundantem,
829 1563 926 1636 Deus
945 1589 1011 1635 suo
1035 1564 1171 1656 populo
1194 1577 1279 1632 tunc
1330 1583 1415 1629 nem
1449 1583 1584 1652 aquae,
1625 1580 1767 1649 semper
1798 1554 1943 1627 ruinam
1975 1555 2166 1639 minantis,
2201 1553 2325 1629 oculos

286 1665 451 1754 pervium
473 1664 557 1734 fecit
576 1665 649 1751 ita,
674 1679 715 1737 ut
729 1677 846 1737 stante
863 1680 897 1736 et
915 1667 1137 1739 accumulata
1157 1666 1193 1734 in
1212 1665 1278 1734 im·
1331 1662 1560 1745 coniecisses,
1593 1673 1629 1730 et
1651 1658 1802 1732 subinde
1827 1658 2068 1751 explorassas,
2093 1682 2181 1729 num
2207 1654 2325 1731 adhuc

286 1789 447 1839 mensam
471 1767 605 1837 molem
627 1792 720 1861 aqua
743 1768 906 1858 superius
921 1793 1043 1840 versus
1058 1770 1218 1849 fontem,
1244 1779 1279 1835 et
1330 1765 1411 1835 loco
1442 1788 1508 1835 suo
1538 1776 1653 1832 erecta
1680 1784 1774 1859 aqua
1800 1759 1996 1833 consistat?
2054 1757 2185 1848 Nonne
2210 1758 2324 1833 oculis

284 1867 422 1962 reliqua
442 1869 613 1939 inferiore
629 1895 722 1963 aqua
737 1868 914 1940 defluente
933 1871 971 1940 in
993 1873 1109 1940 lacum
1126 1867 1277 1962 Asplial-
1331 1867 1435 1936 :anxie
1457 1866 1684 1936 intervallum
1707 1862 1890 1935 ulterioris
1911 1862 2013 1956 ripae
2037 1854 2162 1935 fuisses
2185 1863 2323 1933 dimen-

284 1970 387 2053 titen,
413 1968 570 2041 Hebraei
584 1971 684 2042 siccis
702 1973 852 2064 pedibus
869 1973 1021 2045 transire
1040 1986 1196 2066 possent.
1230 1972 1278 2040 At
1329 1994 1409 2053 sus,
1441 1981 1476 2037 et
1498 1968 1749 2060 perlustrasses
1774 1966 1895 2036 omnia
1920 1966 1998 2036 loca
2024 1967 2208 2058 opposita,
2235 1990 2323 2037 num

283 2085 419 2166 quanta
437 2072 646 2143 multitudo!
682 2073 817 2146 Textus
830 2075 960 2146 diserte
977 2075 1107 2170 inquit,
1128 2072 1276 2144 aMoise
1330 2071 1411 2165 quis
1431 2066 1571 2142 hostilis
1593 2069 1767 2141 exercitus
1792 2095 1834 2139 ex
1853 2068 1971 2140 vicino
1989 2069 2124 2163 oppido
2139 2064 2324 2154 Hiericho,

281 2187 320 2243 et
341 2173 453 2243 fratre
474 2174 605 2244 iterum
628 2190 819 2246 numerato
843 2179 978 2271 populo
999 2179 1071 2247 iam
1092 2201 1276 2247 accessuro
1330 2185 1394 2244 aut
1421 2173 1565 2243 aliunde
1586 2175 1633 2243 ad
1657 2171 1774 2263 ripam
1799 2171 1937 2244 iulestis
1960 2171 2071 2242 armis
2095 2169 2323 2243 occurreret?

281 2276 330 2345 ad
345 2272 558 2360 Iordanem,
584 2276 729 2347 inventa
745 2303 818 2351 esse
834 2294 995 2351 sexcenta
1019 2293 1054 2350 et
1070 2304 1181 2350 unum
1197 2278 1277 2347 mil·
1328 2274 1458 2346 Nonne
1482 2276 1637 2370 denique
1658 2298 1803 2346 omnem
1828 2273 2118 2366 praecedentium
2133 2275 2322 2358 incessum,
2340 2276 2346 2290 '

282 2374 330 2459 lia
356 2377 518 2448 virorum
547 2380 792 2452 excedentium
816 2382 1025 2454 vicesimum
1060 2381 1186 2452 aetatis
1211 2404 1278 2449 an·
1329 2389 1364 2446 et
1388 2390 1533 2448 tuorum
1558 2378 1665 2447 etiam
1683 2378 1855 2447 comitum
1874 2379 2048 2470 gradum,
2073 2389 2115 2448 ut
2128 2376 2235 2446 nimis
2250 2388 2322 2447 tar·

281 2502 383 2548 num.
414 2474 491 2548 Iam
508 2481 624 2572 cogita
640 2497 779 2555 coetum
797 2485 1010 2570 mulierum,
1036 2485 1277 2576 impuberum,
1329 2481 1416 2549 dum
1450 2480 1489 2548 in
1520 2494 1622 2549 tanto
1649 2479 1810 2570 periculo
1837 2480 2077 2573 increpasses,
2118 2492 2155 2549 et
2179 2503 2321 2551 moram

283 2579 568 2671 mancipiorum,
602 2585 845 2671 advenarum,
877 2588 941 2682 qui
967 2611 1004 2658 se
1027 2583 1196 2660 Israelitis
1218 2609 1276 2654 ex·
1329 2580 1559 2674 castigasses?
1616 2581 1757 2651 Deinde
1787 2582 1850 2653 ubi
1873 2605 1955 2654 curn
1979 2595 2055 2654 tota
2077 2580 2322 2668 multitudine,

282 2678 451 2754 euntibus
472 2682 753 2774 coniunxerant,
780 2702 816 2758 et
837 2703 1021 2781 praeterea
1042 2689 1199 2781 ingentia
1220 2711 1277 2757 ar·
1329 2695 1468 2756 etcum
1490 2697 1552 2755 tua
1576 2683 1711 2754 familia
1735 2685 1948 2770 incolumis,
1971 2684 2011 2755 in
2033 2683 2184 2757 alteram
2200 2687 2321 2778 ripam

283 2797 403 2853 menta
423 2784 683 2862 iumentorum.
734 2789 833 2861 Haec
853 2805 952 2862 tanta
976 2791 1171 2862 multitudo
1194 2815 1274 2861 cum
1328 2787 1548 2871 emersisses,
1574 2800 1610 2856 et
1624 2799 1748 2879 postea
1764 2786 1932 2873 vidisses,
1957 2811 2040 2859 arca
2057 2812 2100 2858 ex
2115 2789 2236 2860 medio
2253 2788 2320 2861 flu·

282 2898 337 2956 tot
353 2912 396 2957 ac
412 2889 522 2959 tantis
537 2890 822 2983 impedimentis,
848 2918 923 2964 non
942 2893 1061 2986 potuit
1076 2895 1194 2965 subito
1210 2916 1276 2986 per
1328 2890 1436 2961 minis
1466 2891 1560 2958 vado
1585 2890 1624 2957 in
1637 2902 1764 2960 ‘tutum
1787 2890 1907 2962 locum
1932 2902 2137 2983 reportata,
2171 2916 2318 2964 omnem

284 2989 415 3058 vadum
437 2989 596 3062 fluminis
614 3006 878 3080 transcurrere,
909 2998 971 3066 sed
986 2992 1084 3066 haud
1099 2996 1206 3068 dubie
1221 2996 1276 3063 in·
1327 2992 1426 3060 illam
1440 2992 1655 3084 pendentem
1669 2993 1769 3084 prius
1783 2994 1829 3062 ad
1843 2994 1992 3065 modurn
2008 2993 2201 3066 altissimae
2217 2993 2318 3088 rupis

281 3091 442 3160 tercessit
456 3115 559 3160 mora
579 3096 774 3167 multarum
790 3093 986 3181 horarum,
1015 3099 1070 3166 vel
1086 3099 1205 3190 potius
1221 3111 1275 3166 to·
1327 3117 1459 3189 aquam
1483 3094 1602 3166 subito
1621 3095 1815 3186 collapsam
1840 3120 1921 3167 cum
1947 3095 2085 3188 impetu
2099 3099 2257 3182 irruere,
2282 3110 2319 3168 et

281 3189 353 3262 tius
385 3192 477 3275 diei,
511 3194 626 3265 donec
658 3199 931 3270 innumerabilis
961 3196 1050 3269 haec
1081 3200 1274 3272 multitudo
1327 3220 1403 3266 non
1425 3198 1535 3266 modo
1559 3210 1675 3268 totum
1699 3199 1861 3282 alveum,
1883 3200 1946 3270 sed
1968 3199 2077 3270 etiam
2097 3199 2176 3270 loca
2196 3199 2316 3269 vicina

283 3290 402 3363 omnis
430 3295 572 3396 traduci
593 3299 732 3389 potuit,
766 3325 838 3395 quo
862 3314 941 3372 toto
964 3315 1126 3396 tempore
1153 3317 1273 3372 tamen
1327 3300 1397 3370 late
1419 3299 1590 3392 implere,
1616 3313 1652 3369 et
1673 3299 1779 3370 obvia
1802 3323 1966 3397 quaeque
1986 3314 2161 3384 sternere;
2193 3325 2316 3374 nonne

280 3418 424 3487 semper
456 3396 569 3469 moles
590 3400 651 3470 illa
674 3425 852 3496 aquarum
877 3403 917 3472 in
936 3405 1081 3474 sublimi
1103 3406 1274 3476 divinitus
1326 3400 1395 3473 Dei
1415 3402 1627 3473 immensam
1651 3404 1850 3473 bonitatem
1872 3404 2083 3477 effusissimo
2098 3404 2215 3478 cordis
2230 3430 2317 3497 gau-

281 3507 478 3568 sustentata
495 3502 612 3585 stetit,
637 3528 683 3573 ne
695 3504 888 3589 deflueret,
915 3506 1088 3600 quamdiu
1102 3532 1184 3577 arca
1199 3508 1274 3578 soe·
1325 3506 1409 3589 dio,
1434 3506 1601 3599 claraque
1618 3530 1705 3575 voce
1722 3505 1987 3597 praedicasses?
2013 3518 2165 3601 tuosque
2182 3506 2316 3578 liberos

283 3600 379 3672 deris
395 3600 434 3670 in
448 3600 568 3673 medio
585 3607 677 3675 vado
692 3602 856 3678 Iordanis
872 3610 1097 3680 consistebat.
1298 3579 1301 3706 i
1326 3608 1373 3676 ad
1396 3608 1537 3677 easdem
1560 3620 1680 3699 partes
1701 3607 1858 3677 laetitiae
1880 3620 1916 3678 et
1939 3608 2137 3701 gratiarum
2162 3608 2315 3680 actionis

386 3698 438 3771 lta
456 3708 628 3800 temporis
644 3734 788 3803 quoque
803 3708 1042 3781 consideratio
1059 3711 1274 3804 magnitudi-
1326 3708 1460 3780 crebris
1477 3711 1625 3780 monitis
1648 3708 1835 3780 vocasses?
1866 3722 1902 3780 et
1922 3705 2018 3781 bunc
2034 3711 2129 3781 diem
2147 3711 2314 3782 omnibus

282 3827 367 3873 nem
383 3803 546 3876 miraculi
560 3804 667 3881 huius
682 3812 877 3903 plurimum
896 3826 1012 3905 auget.
1326 3810 1431 3882 aunis
1457 3810 1552 3882 vitae
1581 3811 1690 3882 totius
1717 3811 1906 3903 diligenter
1926 3812 2129 3897 observari,
2164 3826 2200 3882 et
2224 3813 2314 3884 cele·

387 3904 457 3975 Sed
475 3908 505 3977 si
520 3911 615 3980 diem
633 3914 740 3982 etiam
756 3915 881 3985 audias
896 3914 1096 4000 nominari,
1124 3939 1274 4010 quopo-
1325 3912 1426 3985 brari
1447 3926 1548 4006 grata
1571 3915 1745 3985 memoria
1767 3915 1814 3985 ob
1837 3926 1912 3984 tam
1935 3915 2113 4008 insignem
2132 3915 2314 3986 liberatio·

283 4006 389 4100 pulus
409 4006 572 4084 Iordanis
595 4018 727 4086 vadum
751 4017 936 4102 transivit,
962 4018 1076 4088 multo
1100 4018 1274 4088 efficacius
1325 4041 1408 4086 nem
1425 4016 1567 4107 saepius
1583 4014 1766 4089 iussisses?

284 4120 320 4179 te
339 4110 472 4181 tactum
497 4113 614 4205 ipsum
641 4131 790 4210 propter
815 4121 989 4212 temporis
1002 4119 1180 4213 rationem
1197 4144 1274 4190 mo·
1428 4117 1526 4188 llaec
1547 4132 1583 4189 et
1602 4120 1672 4189 alia
1691 4119 1803 4190 multa
1828 4118 1895 4189 tibi
1920 4120 2066 4190 venient
2089 4120 2127 4190 in
2144 4132 2315 4204 mentem,

283 4211 392 4281 tebit·
450 4212 544 4286 Nam
567 4219 597 4288 si
622 4220 761 4291 decimo
787 4222 844 4291 die
871 4222 1005 4294 mensis
1026 4223 1161 4315 Aprilis
1187 4222 1275 4293 inci·
1325 4215 1421 4290 banc
1437 4221 1564 4313 populi
1582 4222 1832 4292 liberationem
1848 4222 2090 4293 consideranti
2104 4245 2147 4291 eo
2162 4220 2240 4314 ipso
2254 4220 2314 4292 die

283 4314 349 4385 das
370 4314 410 4382 in
426 4310 634 4391 huiusmodi
651 4319 860 4395 historicum
876 4323 1150 4410 Calendarium,
1176 4325 1275 4396 inve·
1326 4324 1427 4407 anni,
1453 4349 1525 4418 quo
1542 4326 1634 4394 facta
1653 4349 1726 4395 esse
1741 4323 1922 4408 scribitur,
1948 4322 2032 4418 quia
2048 4323 2124 4417 ipsa
2142 4324 2315 4417 temporis

282 4414 434 4509 uiasque
463 4418 515 4489 ibi
544 4425 778 4517 adscriptum:
822 4427 899 4497 lloc
928 4428 986 4498 die
1008 4428 1118 4520 primi
1142 4429 1275 4501 mensis
1326 4425 1420 4496 ratio
1435 4438 1470 4495 te
1486 4428 1589 4521 quasi
1605 4428 1643 4495 iu
1659 4425 1865 4498 societatem
1877 4421 1984 4497 huius
1998 4426 2168 4498 transitus
2184 4427 2315 4518 perdu-

284 4515 554 4608 Hebraeorum,
588 4529 761 4619 populum
785 4527 1017 4601 Israeliticum
1041 4554 1106 4621 per
1127 4531 1272 4622 plenum
1327 4530 1394 4612 cit,
1435 4531 1621 4625 multoque
1648 4530 1761 4620 magis
1789 4528 1916 4613 allicit,
1950 4552 2059 4622 quam
2085 4529 2118 4601 si
2142 4528 2219 4599 sine
2242 4526 2315 4598 diei

286 4632 323 4690 et
348 4625 587 4696 exundantem
611 4641 686 4699 tum
716 4627 906 4701 Iordanem
933 4633 1009 4703 sine
1039 4633 1191 4704 navibus
1220 4632 1274 4702 in·
1328 4630 1510 4701 mentione
1541 4632 1658 4703 obiter
1686 4644 1749 4701 aut
1772 4631 1927 4723 legeres,
1962 4644 2027 4701 aut
2048 4629 2193 4703 audires
2214 4630 2313 4700 illam

285 4723 464 4793 columem
479 4733 682 4802 traductum
699 4756 791 4805 esse:
823 4734 874 4803 ibi
888 4736 1069 4804 mentione
1087 4736 1159 4804 diei
1178 4761 1275 4807 com·
1328 4734 1530 4804 mirandam
1546 4730 1746 4805 historiam.

284 4827 526 4915 monefactus,
548 4837 649 4925 quasi
666 4836 705 4904 in
718 4860 795 4905 rem
812 4849 1036 4928 praesentem
1055 4850 1090 4907 te
1102 4838 1189 4909 duci
1204 4838 1274 4909 exi·
1428 4836 1545 4927 Magis
1576 4837 1684 4907 etiam
1717 4834 1969 4919 delectaberis,
2008 4834 2072 4905 ubi
2112 4856 2315 4926 cognosces,

285 4927 467 5014 stimabis,
500 4946 535 5002 et
566 4938 848 5028 magnitudinem
881 4940 1028 5032 periculi
1053 4952 1088 5009 et
1111 4942 1275 5012 miraculi
1299 4979 1303 5004 ι
1327 4939 1425 5035 quod
1442 4934 1624 5024 Christus,
1653 4951 1694 5009 ut
1714 4962 1779 5010 suo
1793 4938 1929 5031 populo
1945 4933 2014 5007 hoc
2028 4936 2145 5029 ipsum
2162 4937 2315 5008 miracu·

286 5029 393 5102 altine
414 5038 633 5127 perpendes,
661 5052 697 5109 et
719 5042 935 5132 cogitatione
956 5055 992 5112 te
1015 5043 1131 5136 ipsum
1151 5044 1205 5111 illi
1221 5045 1275 5133 in·
1326 5044 1401 5113 lum
1423 5042 1611 5136 antiquum
1638 5042 1677 5110 in
1702 5040 1915 5111 memoriam
1939 5052 2144 5123 revocaret,
2186 5040 2315 5109 eodem

287 5133 386 5226 genti
398 5137 622 5209 multitudini
637 5144 739 5235 quasi
754 5144 988 5230 immiscebis,
1013 5158 1120 5242 teque
1143 5147 1275 5217 exami-
1327 5146 1385 5215 die
1400 5145 1539 5215 decimo
1554 5144 1685 5217 mensis
1699 5143 1828 5236 primi,
1855 5144 1901 5212 ab
1917 5138 1987 5212 hoc
2000 5142 2080 5235 ipso
2095 5142 2176 5211 loco
2191 5137 2315 5212 lorda-

237 5317 243 5328 ¹
287 5234 391 5307 nabis
414 5237 453 5306 in
470 5236 569 5311 hunc
591 5245 739 5315 modum
758 5246 999 5341 interrogans:
1033 5249 1117 5344 Quo
1133 5262 1174 5319 tu
1189 5249 1275 5321 iuis·
1327 5249 1383 5320 nis
1405 5260 1487 5318 ante
1507 5271 1641 5342 paucos
1662 5246 1738 5318 dies
1759 5245 1960 5339 profectus,
1986 5244 2025 5313 in
2045 5244 2171 5315 urbem
2187 5241 2315 5313 Hiero·

287 5359 343 5409 ses
366 5339 489 5411 animo
511 5341 550 5413 in
574 5358 677 5415 tanto
702 5348 924 5436 discrimine,
949 5352 980 5423 si
1000 5354 1153 5421 intanta
1169 5354 1273 5423 turba
1326 5351 1502 5445 solymam
1533 5376 1614 5422 cum
1640 5372 1773 5443 pompa
1798 5347 1896 5440 regia
1922 5359 1975 5419 est
1995 5345 2176 5430 invectus,
2215 5358 2257 5415 ut
2278 5367 2315 5415 se

286 5434 477 5513 hominum
500 5458 536 5516 et
556 5448 800 5522 iumentorum
817 5477 882 5544 per
893 5455 1052 5525 medium
1071 5458 1203 5525 vadum
1220 5479 1276 5526 sa·
1328 5479 1460 5547 agnum
1482 5455 1529 5524 ad
1544 5449 1729 5525 Paschatis
1750 5452 1887 5523 instans
1907 5450 2058 5533 festum,
2083 5448 2314 5518 mactandum

286 5541 341 5613 xis
366 5567 531 5638 asperum
558 5550 777 5638 incessisses,
805 5568 840 5625 et
856 5555 1025 5630 iumentis
1040 5571 1103 5628 aut
1117 5554 1276 5628 humeris
1327 5581 1395 5651 pro
1409 5580 1538 5648 genere
1551 5552 1712 5627 humano
1727 5554 1824 5648 patri
1838 5552 1996 5638 sisteret,
2019 5564 2064 5623 et
2079 5575 2183 5622 suum
2199 5563 2315 5620 trans·

288 5646 359 5718 tuis
394 5648 582 5742 impositos
615 5658 785 5747 parvulos
817 5671 1007 5749 gestasses,
1048 5661 1138 5733 alios
1171 5684 1276 5751 gran·
1327 5663 1418 5732 itum
1441 5685 1507 5753 per
1528 5657 1739 5742 Iordanem,
1777 5653 1847 5727 hoc
1871 5668 1944 5741 est,
1985 5653 2186 5747 passionem
2212 5675 2314 5723 suam

288 5748 467 5825 diusculos
488 5754 620 5829 liberos
643 5783 751 5832 manu
773 5756 968 5853 prehensos
991 5776 1108 5834 tecum
1139 5776 1277 5858 raptas-
1328 5758 1536 5848 inchoaret,
1566 5786 1636 5857 qua
1657 5760 1762 5831 nobis
1784 5772 1907 5851 postea
1928 5755 2151 5840 transituris,
2181 5755 2316 5826 flumen

339 5868 522 5937 littam.
543 5874 649 5939 Orrr.
693 5876 779 5941 Voc.
793 5876 868 5941 XX.
1744 5857 1792 5932 61
