5534 6700
394 604 469 678 751
920 591 1045 664 emb.
1072 590 1185 662 MEls
1211 588 1414 662 SCRIPTA

393 775 564 846 ficieudae
587 771 640 840 rei
662 767 789 848 fuerit,
825 766 912 858 quid
934 790 977 834 ex
998 789 1035 832 re
1059 763 1259 845 commodi,
1293 762 1380 855 quid

1439 589 1571 662 VAllll
1595 590 1900 667 ARGUMENTI.
2349 590 2431 669 762

1432 764 1619 846 lucentia,
1652 789 1761 859 quam
1782 763 1971 834 laudandis
1992 773 2055 830 aut
2072 761 2322 852 vituperandis
2344 787 2430 854 per·

393 874 615 946 incommodi
629 870 730 963 sequi
745 868 914 959 potuerit.
949 865 1161 957 Exemplum
1176 862 1285 935 habes
1302 888 1381 933 ora·
1431 867 1529 938 sonis
1539 865 1600 962 ⁸⁴).

394 978 504 1050 tionis
538 975 576 1040 in
609 973 718 1062 signis
752 970 907 1061 positae,
948 969 1053 1061 longe
1088 964 1381 1059 pulcherrimum,

395 1080 594 1150 orationem
611 1073 662 1145 M.
677 1072 860 1144 Ciceronis
874 1096 941 1162 pro
958 1069 1106 1140 Milone.
1144 1069 1269 1163 Neque
1285 1067 1380 1137 enim

327 1219 330 1225 ·
393 1191 511 1274 potest
530 1177 662 1269 regulis
684 1168 940 1266 comprehendi
958 1173 1143 1261 signorum
1165 1170 1278 1253 ratio,
1297 1168 1381 1252 ⁴nisi

393 1294 568 1377 quatenus
597 1277 870 1349 circumstantiis
902 1299 1105 1346 caussarum
1140 1298 1181 1342 ac
1212 1295 1381 1365 persona·

392 1409 475 1455 rum
498 1381 683 1465 ducimur,
711 1379 809 1472 quis,
837 1378 942 1471 quid,
968 1376 1049 1460 ubi,
1079 1375 1208 1470 quibus
1231 1373 1382 1457 auxiliis,

394 1509 475 1569 cur,
502 1485 707 1578 quomodo,
733 1484 891 1574 quando.

703 1652 764 1722 De
792 1651 1084 1744 argumentis.

496 1791 605 1882 Signa
631 1813 674 1859 ex
696 1787 799 1857 factis
822 1786 940 1858 sensui
962 1785 1129 1877 expositis
1152 1785 1298 1879 proprie
1319 1787 1385 1856 du-

363 1907 543 2009 guantur,
571 1905 707 1960 etcum
733 1914 854 1959 caussa
880 1891 992 1957 ferme
1012 1901 1217 1960 nascuntur.
1268 1887 1384 1979 Argu·

392 2008 554 2067 ruentum
576 2005 628 2064 est
648 1991 741 2060 ratio
764 1991 871 2082 paulo
894 1991 1035 2081 longius
1053 1991 1181 2082 petita,
1208 2015 1316 2085 quam
1338 1989 1383 2058 ad

393 2121 555 2171 caussaim
585 2094 799 2186 disputantis
825 2093 998 2162 industria
1024 2093 1146 2176 affert,
1179 2116 1258 2162 cum
1283 2093 1382 2184 signa

396 2200 594 2269 afferantur
626 2198 672 2263 ad
703 2195 944 2287 disputantem
969 2221 987 2261 a
1014 2220 1149 2267 caussa.
1206 2194 1385 2266 Petuntur

395 2311 606 2391 argumenta
627 2298 715 2368 alias
737 2322 756 2364 a
779 2297 961 2387 personis,
996 2296 1083 2369 alias
1107 2321 1127 2367 a
1147 2297 1265 2367 rebus.
1315 2299 1385 2368 Ar·

394 2414 562 2494 gumenta
595 2425 616 2471 a
651 2399 812 2492 personis
847 2401 953 2469 ducta
980 2412 1129 2491 cognata
1156 2411 1240 2469 sunt
1263 2397 1384 2490 siguis,

395 2508 494 2598 quod
509 2517 543 2572 et
559 2526 633 2572 nou
649 2502 741 2584 sint,
766 2499 835 2570 nisi
854 2499 1063 2571 verisimiles
1078 2501 1327 2593 probationes,
1349 2512 1385 2569 ct

395 2629 415 2675 a
437 2605 600 2696 personis
622 2606 668 2673 ad
690 2616 870 2672 oratorem
896 2602 1103 2673 afferantur.
1170 2602 1287 2697 Atque
1311 2597 1383 2685 ,hae

394 2708 486 2778 duae
512 2707 767 2798 probationum
790 2717 929 2794 partes,
955 2704 1055 2796 signa
1078 2717 1112 2774 et
1134 2717 1342 2795 argumenta
1362 2729 1382 2772 a

393 2810 556 2902 personis
569 2811 689 2890 ducta,
714 2831 843 2898 parum
859 2806 1052 2876 dialecticis
1068 2803 1284 2878 thematibus
1300 2830 1383 2876 cou-

392 2912 533 2993 ferunt,
559 2934 651 3003 quae
673 2909 880 2978 necessariis
906 2922 940 2977 et
954 2910 1176 2978 evidentibus
1195 2932 1384 3000 argumen-

393 3012 440 3083 tis
454 3012 589 3084 muniri
602 3013 732 3079 debent
740 3008 800 3102 ⁸⁸).
849 3009 917 3079 Sed
934 3035 992 3080 eas
1008 3011 1312 3101 praescripsimus,
1338 3034 1384 3079 ne

395 3114 482 3207 quid
511 3112 598 3180 locis
627 3116 920 3201 argumentorum
949 3112 1105 3196 deesset,
1140 3113 1275 3206 alioqui
1303 3136 1384 3181 suas

393 3226 515 3307 partes
538 3209 933 3282 rhetoribus'relicturi.
983 3210 1058 3281 lam
1078 3225 1113 3282 et
1127 3214 1249 3303 signa,
1276 3227 1311 3283 et
1327 3237 1384 3282 ar·

394 3329 562 3409 gumenta
585 3339 604 3383 a
623 3314 786 3408 personis
798 3316 926 3399 ducta,
951 3315 1165 3409 syllogismis
1181 3329 1244 3388 aut
1258 3312 1383 3411 enthy-

392 3420 559 3490 mematis
581 3417 698 3488 claudi
724 3430 759 3486 et
776 3417 1018 3488 circumscribi
1034 3420 1181 3503 debent,
1207 3432 1248 3490 ut
1264 3420 1381 3512 palam

390 3522 474 3604 liat,
500 3547 608 3615 quam
628 3521 998 3612 efficaciteeprobeut.
1049 3522 1274 3615 Numquam
1301 3535 1382 3614 apte

394 3619 584 3693 cohaereat
600 3623 765 3713 probatio
781 3619 861 3693 chin
877 3620 1052 3707 theurate,
1082 3648 1265 3718 nunquam
1286 3625 1383 3694 vide-

392 3726 464 3807 ris,
492 3726 561 3794 nisi
583 3725 734 3794 colloces
756 3726 795 3793 iu
816 3726 1032 3818 syllogismi,
1059 3738 1122 3796 aut
1137 3724 1382 3820 enthymema·

393 3826 459 3907 tis,
493 3838 556 3893 aut
586 3825 822 3908 inductionis,
855 3841 917 3896 aut
946 3829 1098 3918 exempli
1123 3831 1297 3912 formam,
1330 3842 1382 3913 ut,

392 3915 687 3996 verisimilem
705 3941 775 4010 est,
796 3929 980 3997 literarum
996 3932 1173 4002 studiosus
1190 3933 1381 4023 voluptati·

391 4030 459 4099 bus
490 4029 694 4120 indulgere;
733 4029 875 4100 Coelius
899 4032 1077 4101 studiosus
1101 4034 1286 4103 literarum
1312 4046 1380 4104 est:

391 4154 467 4200 non
483 4144 536 4202 est
549 4132 658 4223 igitur
674 4132 884 4216 verisimile,
916 4157 997 4201 eum
1020 4135 1203 4224 indulgere
1218 4137 1381 4227 volupta-

391 4234 497 4305 tibus.
549 4231 590 4302 ln
614 4230 708 4304 hunc
724 4239 870 4305 modum
886 4235 1034 4325 integris
1050 4237 1263 4328 syllogismis
1279 4237 1379 4328 signa
1414 4271 1444 4319 ,'

392 4348 427 4406 et
442 4359 678 4427 personarum
696 4350 904 4428 argumenta
922 4334 1198 4429 comprehende.
1308 4374 1310 4379 ·

525 4506 672 4600 Quae
698 4532 717 4576 a
744 4509 957 4600 personis
984 4511 1225 4581 ducuntur.

492 4641 581 4713 Loci
597 4667 831 4736 personarum
852 4658 947 4728 suut,
969 4670 1092 4735 genus,
1113 4645 1225 4730 natio,
1250 4648 1379 4740 patria,

391 4769 513 4829 serus,
539 4759 656 4829 aetas,
682 4748 868 4830 educatio,
894 4748 1100 4839 disciplina,
1132 4745 1275 4820 habitus
1300 4775 1378 4819 cor·

390 4847 511 4938 poris,
541 4850 709 4932 fortuna,
743 4850 855 4918 animi
877 4851 1054 4934 conditio,
1087 4852 1252 4935 affectus,
1279 4854 1377 4921 deni-

392 4972 461 5041 que
484 4950 575 5019 vitae
593 4976 735 5035 cursus,
763 4977 853 5045 quos
865 4953 962 5023 locos
979 4954 1146 5023 libentius
1160 4956 1377 5045 praescribo,

391 5051 490 5142 quod
506 5064 541 5118 et
554 5054 632 5122 usui
647 5055 759 5124 futuri
772 5067 855 5125 sunt
871 5055 991 5146 pueris
1004 5056 1285 5128 declamantibus
1301 5059 1376 5128 lau·

390 5152 454 5219 des
469 5149 658 5223 illustrium
677 5156 857 5240 virorum,
884 5158 921 5225 in
939 5156 1068 5251 quibus
1081 5153 1170 5228 haec
1190 5184 1376 5251 argumen-

389 5263 512 5320 torum
548 5256 682 5344 capita,
717 5283 782 5327 ceu
811 5260 911 5329 filum
939 5262 1120 5354 quoddam
1147 5261 1185 5331 in
1212 5264 1376 5333 oratione

390 5356 609 5422 contexenda
633 5374 837 5451 sequentur.
889 5362 1014 5456 Neque
1037 5363 1131 5431 enim
1156 5365 1230 5433 ullo
1246 5389 1374 5456 genere

389 5449 610 5540 thematum,
634 5456 746 5527 Fabio
768 5474 874 5544 teste,
899 5466 1059 5536 foelicius
1082 5480 1263 5538 exercetur
1285 5471 1375 5538 ado-

390 5626 596 5642 Μ-

422 5721 470 5785 88)
487 5725 588 5773 Aeuot.
601 5734 703 5785 marg:
725 5721 905 5772 uteleetteun
928 5726 1017 5776 mens
1034 5733 1088 5789 est,
1107 5731 1178 5792 quot
1195 5732 1305 5796 propera
1322 5744 1373 5781 η.

457 5792 520 5842 aas·
536 5796 565 5841 et
580 5791 745 5842 nsosnsrls
761 5793 889 5843 nsttoto
906 5794 1029 5845 duamur.

1843 1001 2007 1071 Genus.

1534 1136 1568 1205 A
1601 1159 1749 1229 genere,
1788 1149 1829 1207 ut
1850 1162 1930 1207 cum
1952 1135 2105 1217 similes,
2146 1146 2208 1202 aut
2232 1123 2428 1207 dissimiles

1433 1252 1621 1332 parentum
1648 1238 1832 1322 filiisunt,
1860 1251 1895 1308 et
1917 1237 2037 1309 liberis
2056 1238 2130 1306 fere
2155 1261 2197 1305 ex
2211 1236 2427 1327 parentibus

1432 1341 1549 1411 fluunt
1571 1365 1714 1413 caussae
1738 1335 1887 1411 honeste
1910 1354 1973 1410 aut
1993 1337 2145 1431 turpiter
2172 1338 2338 1429 vivendi3
2373 1353 2426 1410 at-

1434 1468 1503 1537 que
1537 1437 1626 1513 baec
1660 1444 1936 1535 argumentandi
1973 1442 2066 1511 ratio
2100 1441 2325 1537 frequentior
2357 1455 2425 1527 est,

1435 1570 1542 1639 quam
1566 1558 1607 1615 ut
1627 1541 1686 1615 hic
1708 1546 1837 1615 debeat
1859 1543 2029 1637 exemplis
2050 1543 2213 1635 pluribus
2235 1544 2421 1615 declarari.

1434 1647 1492 1717 Sic
1515 1644 1638 1717 Cicero
1663 1672 1728 1740 pro
1752 1645 1795 1717 L.
1812 1647 1963 1718 Murena
1980 1646 2152 1717 Catonem
2177 1669 2257 1714 cum
2284 1670 2423 1738 proavo

1435 1773 1499 1820 suo
1523 1750 1677 1820 confert:
1712 1750 1780 1819 Sed
1805 1762 1839 1819 te
1862 1752 2010 1820 domum
2027 1748 2099 1817 iam
2117 1748 2292 1819 deducam
2311 1761 2425 1817 tuam.

1436 1851 1651 1945 Quenquam
1675 1875 1720 1921 ne
1743 1851 1922 1923 existimas
1939 1852 2075 1922 Catone
2093 1874 2230 1942 proavo
2245 1862 2311 1919 tuo
2330 1874 2428 1919 com-

1435 1954 1656 2039 modiorem,
1681 1954 1898 2038 comiorem,
1923 1955 2200 2023 moderatiorem
2225 1952 2353 2037 fuisse,
2380 1953 2428 2021 ad

1431 2080 1579 2143 *omnem
1603 2056 1780 2125 rationem
1803 2051 2060 2145 humanitatis?
2120 2053 2175 2124 De
2198 2054 2298 2125 cuius
2319 2078 2428 2147 prae·

1436 2158 1546 2230 stanti
1586 2158 1717 2228 virtute
1764 2182 1843 2227 cum
1885 2183 1968 2227 vere
2007 2156 2234 2250 graviterque
2276 2156 2429 2242 diceres,

1435 2259 1668 2330 domesticum
1693 2273 1726 2330 te
1751 2254 1884 2331 habere
1904 2260 2023 2330 dixisti
2046 2246 2248 2352 exemplum
2271 2258 2319 2328 ad
2342 2257 2429 2329 irni-

1435 2363 1597 2434 tandum.

1853 2499 2004 2570 Natio.

1537 2638 1570 2706 A
1593 2636 1758 2718 natione,
1792 2647 1833 2705 ut
1863 2659 1942 2705 cum
1966 2634 2127 2726 gentium
2153 2635 2268 2706 studia
2294 2639 2431 2727 proba·

1435 2760 1514 2806 mus
1548 2749 1611 2807 aut
1639 2737 1905 2829 improbamus,
1945 2760 2018 2830 quo
2048 2738 2157 2806 modo
2180 2737 2312 2807 Paulus
2336 2758 2432 2829 apo·-

1435 2840 1546 2910 stolus
1562 2839 1784 2910 Cretensium
1809 2841 1989 2908 levitatem
2011 2840 2151 2930 vulgari
2175 2838 2430 2910 versiculo'ar-

1435 2939 1590 3033 guit⁸⁴¹),
1607 2953 1642 3010 et
1651 2941 1777 3011 Cicero
1788 2942 1929 3011 testium
1941 2941 2166 3010 autoritatem
2177 2943 2308 3025 elevat,
2325 2944 2429 3035 quod

1435 3042 1565 3113 Graeci
1585 3043 1676 3127 sint,
1702 3044 1869 3140 inquiens
1884 3046 1928 3114 de
1945 3041 2158 3140 Graecis·):
2188 3043 2333 3112 Tribuo
2354 3045 2433 3115 illis

1434 3144 1575 3228 literas,
1607 3148 1654 3214 do
1688 3149 1882 3217 multarum
1913 3145 2043 3216 artium
2067 3146 2313 3238 disciplinam,
2349 3171 2430 3217 nou

1436 3247 1557 3317 adimo
1587 3250 1762 3320 sermonis
1792 3249 1973 3342 leporem,
2008 3247 2232 3341 ingeniorum
2259 3272 2428 3331 acumen,

1435 3344 1577 3421 dicendi
1601 3354 1761 3444 copiam,
1791 3351 1965 3527 deniqpe,
1992 3364 2029 3423 et
2047 3346 2083 3423 si'
2099 3375 2169 3448 qua
2188 3352 2258 3423 sibi
2281 3352 2354 3421 alia
2372 3363 2427 3424 su-

1434 3463 1551 3538 munt,
1571 3478 1647 3524 non
1660 3479 1834 3548 repugno.
1921 3457 2194 3529 estimoniorum
2211 3454 2424 3547 religionem

1429 3561 1470 3627 'et
1495 3557 1600 3628 fidem
1630 3583 1817 3655 nunquam
1843 3560 1910 3632 ista
1940 3559 2040 3632 natio
2070 3559 2202 3645 coluit,
2243 3560 2424 3657 totiusque

1433 3656 1578 3732 huiusce
1599 3662 1653 3731 rei
1675 3687 1766 3758 quae
1789 3661 1834 3734 sit
1857 3661 1929 3747 vis,
1962 3687 2054 3757 quae
2078 3661 2291 3747 auctoritas,
2326 3667 2422 3757 quod

1433 3764 1586 3862 pondus,
1610 3764 1788 3855 ignorant.
1828 3764 1895 3836 llic
1914 3765 2077 3836 retulerit
2097 3766 2316 3858 singularum
2335 3789 2420 3857 gen-

1433 3865 1521 3933 tium
1540 3864 1610 3962 ⁸⁰),
1649 3870 1741 3936 ‘item
1780 3868 1999 3940 familiarum
2034 3872 2184 3952 decora,
2223 3879 2283 3939 aut
2315 3880 2422 3941 notas

1434 3969 1636 4039 observare.

1842 4107 2009 4179 Patria.

1532 4239 1565 4307 A
1589 4242 1703 4331 patria
1725 4242 1873 4334 perinde
1898 4258 2146 4335 argumentum
2165 4247 2325 4338 petitur,
2351 4261 2418 4318 uta

1431 4342 1588 4414 natione.
1639 4343 1765 4438 Neque
1780 4346 1874 4414 euim
1895 4349 1938 4415 ad
1957 4347 2213 4419 instituendam
2231 4349 2349 4420 vitam
2364 4374 2419 4442 pa·

1431 4445 1492 4513 trii
1510 4469 1628 4515 mores
1644 4442 1734 4515 nibil
1750 4450 1922 4518 momenti
1936 4445 2088 4532 habeut,
2114 4464 2153 4521 ut
2170 4449 2232 4520 ille
2255 4453 2330 4524 diis
2346 4476 2418 4545 gra·

1431 4547 1499 4617 tias
1514 4550 1661 4639 agebat,
1687 4552 1785 4643 quod
1799 4548 1949 4624 Athenis
1966 4566 2070 4623 natus
2085 4566 2185 4623 esset.

1842 4739 1994 4811 Sexus

1470 4887 1483 4894 ·
1530 4872 1690 4957 Asexu,
1722 4887 1781 4957 ut,
1812 4873 2058 4946 Latrocinium
2092 4875 2231 4947 facilius
2261 4877 2302 4946 in
2333 4879 2416 4960 viro,

1428 4974 1637 5043 veneficium
1653 4976 1790 5047 facilius
1809 4978 1846 5046 in
1863 4977 2011 5047 muliere
2027 4977 2227 5075 credas⁸²),
2256 4975 2414 5051 hocloco

1427 5078 1617 5146 commode
1634 5078 1685 5147 uti
1700 5080 1882 5173 queas,-si
1900 5079 2131 5150 ambitionem
2149 5080 2313 5167 Tulliae,
2336 5109 2414 5154 uxo·

1460 5328 1508 5395 8⁴)
1526 5332 1628 5446 Auluot.
1640 5340 1744 5392 marg:
1770 5301 1996 5381 Demonstrstlvo
2014 5342 2115 5394 genere
2134 5331 2257 5392 prtnun
2276 5332 2410 5387 exeras!

1496 5411 1564 5460 puer
1577 5435 1582 5448 .

1461 5480 1529 5546 δι’)
1548 5484 1600 5537 rat.
1620 5484 1647 5549 1,
1663 5484 1703 5533 12.

1459 5565 1508 5630 85)
1528 5570 1629 5617 annot.
1642 5578 1746 5626 marg:
1772 5568 1809 5617 lt.
1826 5565 1925 5618 cicero
1943 5579 1993 5630 pro
2011 5568 2043 5621 b.
2061 5567 2171 5619 stesso.

1459 5650 1625 5767 §sumptos
1644 5664 1747 5718 marga
1781 5654 1911 5705 centlum
1934 5656 2017 5705 notae
2041 5654 2114 5716 apud
2136 5652 2300 5711 historiens
2326 5662 2411 5713 sust·

1495 5732 1513 5766 V
1596 5755 1603 5769 .

1459 5800 1510 5868 87)
1526 5805 1627 5855 annot.
1643 5814 1748 5869 neres
1775 5808 1898 5858 serum
1916 5809 2001 5859 sotss
2018 5809 2225 5863 sustentes.
