5534 6700
288 594 369 674 506
559 595 619 673 Ill.
669 597 737 669 DE
763 596 1039 674 ELECTIONE
1065 598 1132 685 ET
1160 597 1512 674 CORONA'I'IONE
1539 593 1718 670 cauom
1743 595 1788 669 V.
1816 592 2052 669 CAESARIS.
2245 593 2324 673 506

290 769 480 841 consilium
497 772 543 839 ad
559 771 819 840 defendendam
837 772 992 863 patriam
1013 785 1048 842 et
1063 769 1212 866 Imperii
1228 773 1286 845 di·
1329 769 1565 863 Imperatori,
1592 794 1633 840 ac
1650 767 1799 839 domino
1817 780 1955 852 vestro,
1981 767 2167 839 obediatis.
2212 767 2323 862 Quod

289 873 477 965 gnitatem.
511 872 590 965 Etsi
606 886 725 944 autem
741 874 913 945 divinitus
927 874 1068 967 potius,
1094 902 1202 970 quarn
1217 873 1284 948 hu·
1332 876 1477 970 quidem
1500 898 1565 944 vos
1581 897 1649 966 pro
1663 873 1752 954 lide,
1785 869 1917 940 virtute
1941 893 1982 939 ac
2005 870 2179 962 sapientia
2204 884 2323 942 vestra

288 982 398 1045 mana
413 976 604 1068 prudentia
621 977 816 1068 perlectum
833 989 904 1060 est,
926 991 967 1048 ut
990 977 1195 1052 voluntates
1217 1003 1283 1048 no-
1331 979 1489 1049 facturos
1511 1000 1605 1061 csse,
1644 997 1720 1045 non
1744 972 1966 1043 dubitamus:
2007 973 2216 1067 praesertim
2240 999 2322 1044 cnm
2404 972 2407 979 ’

289 1092 386 1150 strae
404 1090 663 1170 congruerent:
691 1090 813 1147 tamen
834 1075 903 1148 hac
924 1079 963 1149 in
985 1105 1024 1150 re
1039 1080 1147 1151 etiam
1164 1094 1281 1152 vestra
1333 1081 1392 1150 ille
1408 1091 1506 1150 tanta
1521 1078 1696 1149 modestia
1713 1075 1884 1148 iudicium
1901 1087 2063 1146 nostrum
2091 1100 2132 1145 ac
2153 1076 2322 1169 suffragia

290 1182 405 1251 virtus
422 1204 462 1250 ac
476 1180 673 1272 sapientia,
698 1179 891 1265 Electores,
916 1182 1111 1252 maximam
1129 1182 1281 1276 gloriam
1334 1182 1584 1276 expectaverit.
1635 1179 1683 1249 Et
1697 1180 2000 1275 quemadmodum
2015 1203 2082 1250 nos
2095 1178 2134 1246 in
2149 1178 2323 1250 electione

289 1284 393 1354 vobis
423 1285 520 1374 apud
543 1295 682 1353 exteros
702 1282 817 1375 Reges
838 1283 972 1377 pariet;
1019 1287 1224 1356 conciliabit
1247 1299 1283 1356 et
1332 1285 1596 1378 praestitimus,
1630 1306 1770 1376 nequa
1797 1280 1980 1352 internos
2006 1281 2325 1352 discordiaorire-

288 1386 579 1456 benevolentiam
600 1397 808 1457 nostrorum
828 1386 1055 1480 principum,
1094 1389 1157 1484 qui
1178 1389 1282 1460 vobis
1333 1402 1410 1459 tur:
1437 1388 1487 1457 ita
1503 1411 1568 1457 vos
1584 1398 1734 1478 propter
1758 1384 1937 1478 publicam
1952 1381 2100 1476 Imperii
2121 1382 2325 1478 tranquilli

290 1501 413 1558 tantae
435 1487 488 1558 rei
514 1488 702 1558 arbitrium
727 1489 812 1561 solis
836 1490 1111 1577 commiserunt,
1143 1505 1185 1562 ut
1205 1492 1281 1562 Do·
1333 1503 1442 1560 tatem
1459 1486 1654 1558 imitamini
1672 1499 1835 1557 nostrum
1854 1487 2054 1579 exemplum
2081 1499 2116 1556 et
2139 1487 2324 1558 communi

289 1591 428 1661 minum
454 1590 561 1682 ipsis,
600 1603 641 1661 ut
662 1593 845 1662 custodem
872 1593 1035 1685 publicae
1057 1594 1203 1681 salutis,
1240 1607 1282 1665 ut
1333 1592 1457 1663 animo
1472 1592 1582 1662 electo
1597 1588 1813 1682 Imperatori
1830 1590 2093 1681 obtemperate,
2118 1613 2224 1684 quem
2245 1589 2325 1661 iure

288 1691 486 1776 Ecclesiae,
534 1692 632 1764 orbis
664 1705 841 1764 tertarum
875 1710 1184 1791 propugnatorem
1219 1696 1282 1767 eli·
1334 1721 1375 1766 ac
1410 1695 1547 1787 legibus
1579 1692 1675 1763 scitis
1707 1692 1779 1760 iam
1815 1716 1889 1762 esse
1922 1704 2086 1762 nostrum
2122 1692 2324 1764 dominum.

291 1795 432 1888 geretis.
1333 1798 1426 1884 Nam
1458 1795 1583 1868 electio
1610 1798 1689 1868 iure
1711 1819 1753 1863 ac
1775 1794 1913 1886 legibus
1935 1795 2027 1863 lacta
2052 1805 2115 1865 est.
2181 1795 2325 1867 Nullius

392 1896 500 1990 Apud
517 1893 587 1969 hos⁴
604 1922 646 1968 eo
671 1898 751 1990 plus
778 1900 1029 1972 admirationis
1050 1899 1140 1972 haec
1163 1912 1280 1972 vestra
1332 1902 1420 1972 novi
1437 1899 1590 1991 exempli
1606 1910 1750 1970 autores
1768 1921 1891 1969 sumus
1909 1909 2034 1965 contra
2050 1897 2156 1987 leges.

290 2000 474 2091 diligentia
504 2001 731 2095 gravitasque
758 1997 886 2089 habet,
926 2006 1023 2099 quod
1049 2005 1119 2097 ipsi
1145 2014 1282 2073 norunt
1436 2001 1501 2074 Est
1516 2014 1634 2071 autem
1654 2000 1809 2070 officium
1832 1999 2090 2082 necessarium,
2115 2012 2327 2090 etpraeser·

291 2105 466 2198 quosdam
497 2126 573 2173 non
600 2106 712 2175 modo
742 2106 852 2177 variis
873 2107 1051 2190 artificiis,
1083 2107 1144 2178 sed
1172 2106 1279 2175 etiarn
1333 2106 1397 2177 tim
1417 2104 1637 2198 sapientibus
1654 2128 1695 2173 ac
1717 2102 1857 2196 magnis
1879 2103 1966 2173 viris
1989 2101 2157 2193 dignum,
2191 2100 2262 2171 iuri
2283 2124 2326 2171 ac

288 2206 486 2299 propositis
509 2206 617 2278 minis
641 2232 682 2276 ac
703 2210 919 2294 terroribus,
955 2210 1157 2303 conscripto
1183 2232 1281 2278 exer·
1332 2210 1471 2298 legibus
1505 2207 1773 2300 obtemperare,
1820 2229 1948 2299 parere
1981 2204 2157 2288 dominis,
2199 2226 2327 2275 cavere

291 2308 365 2377 citu
389 2303 460 2377 boc
481 2307 599 2400 ipsum
624 2322 773 2381 conatos
797 2335 890 2396 esse,
921 2324 963 2383 ut
981 2325 1124 2383 nostras
1144 2324 1281 2382 mentes
1334 2313 1434 2383 omni
1449 2310 1587 2394 studio,
1613 2333 1658 2379 ne
1677 2309 1901 2379 contumacia
1923 2307 2140 2399 dissipentur
2158 2303 2327 2400 Imperia.

290 2405 533 2480 distraherent
561 2435 603 2480 ac
637 2411 882 2484 dissociarent.
945 2414 1095 2485 Utinam
1116 2425 1280 2485 nostrum
1332 2418 1385 2487 Ac
1401 2428 1523 2484 tamen
1538 2424 1579 2482 ut
1592 2412 1762 2483 libentius
1778 2407 1862 2482 hnic
1878 2411 2027 2481 domino
2044 2410 2222 2503 pareatis,
2247 2432 2328 2479 eae·

291 2512 495 2603 exemplum
519 2525 555 2580 et
575 2513 728 2604 posteris
749 2516 882 2606 prosit,
915 2517 979 2611 qni
1000 2517 1144 2612 quantis
1167 2517 1180 2583 l
1204 2514 1282 2585 udi·
1333 2521 1415 2587 dem
1432 2540 1496 2586 vos
1509 2515 1668 2586 rationes
1682 2510 1893 2598 hortentur,
1920 2538 2011 2608 quae
2026 2513 2166 2584 animos
2181 2523 2327 2583 nostros

290 2615 359 2683 bus
375 2625 531 2684 vestram
551 2615 781 2687 celebrabunt
802 2618 1014 2711 sapientiam
1038 2631 1074 2689 et
1095 2541 1281 2688 ursulam!
1334 2620 1372 2689 in
1388 2618 1560 2689 electione
1575 2629 1779 2689 moverunt.
1830 2614 1975 2685 Etenim
1991 2640 2066 2685 non
2091 2616 2207 2686 solum
2232 2609 2325 2684 nihil

292 2716 391 2810 quod
410 2716 570 2802 cavistis,
596 2741 642 2786 ne
657 2718 834 2789 discordia
851 2721 1023 2793 intervos
1046 2735 1124 2793 orta
1147 2720 1280 2792 bellum
1334 2719 1458 2792 contra
1480 2722 1575 2812 leges
1599 2721 1769 2803 lecimus,
1796 2721 1859 2789 sed
1882 2719 2011 2801 etiam,
2043 2730 2218 2811 quantum
2241 2739 2327 2809 pro·

292 2829 479 2888 aeternum
494 2831 529 2887 et
543 2819 684 2902 exitiale
702 2822 840 2912 patriae
864 2824 1090 2894 excitaretur.
1147 2823 1216 2894 Sed
1242 2836 1283 2894 ut
1333 2825 1424 2918 spici
1454 2848 1474 2892 a
1507 2819 1613 2894 nobis
1646 2821 1784 2915 potuit,
1825 2819 1905 2890 Deo
1932 2821 2155 2913 gubernante
2184 2831 2327 2890 nostras

292 2932 375 2990 ante
390 2920 483 3005 dixi,
507 2919 624 2992 Deum
643 2944 878 3012 agnoscamus
900 2937 1064 2996 autorem
1083 2950 1157 2997 esse
1175 2921 1282 2998 huius
1334 2940 1470 2998 mentes
1493 2925 1533 2994 in
1555 2925 1775 3017 designando
1796 2924 1979 3016 principe,
2010 2921 2195 2994 communi
2218 2919 2327 2994 saluti

291 3046 502 3109 consensus,
543 3048 697 3117 eumque
723 3027 932 3100 ardentibus
959 3029 1053 3100 votis
1081 3022 1282 3121 precemur,
1334 3031 1432 3103 orbis
1447 3042 1627 3100 terrarum
1645 3027 1828 3098 consulere
1844 3018 1965 3128 qonati
1978 3050 2113 3097 sumus.

289 3137 332 3196 ut
354 3126 401 3197 sit
422 3139 626 3219 perpetuus.
698 3125 838 3198 Deinde
859 3143 1051 3226 postquam
1075 3132 1206 3203 electus
1225 3143 1283 3218 ,est
1437 3130 1580 3226 Quare,
1604 3144 1646 3202 ut
1664 3129 1841 3202 sancitum
1858 3142 1930 3214 est,
1953 3128 2210 3200 Germanicum
2226 3125 2328 3219 prin-

291 3226 464 3311 Garolus,
505 3252 580 3299 non
603 3231 827 3316 dubitemus,
865 3234 954 3327 quin
978 3232 1048 3303 Dei
1071 3234 1220 3307 consilio
1248 3247 1284 3304 et
1334 3235 1471 3328 cipem,
1498 3236 1696 3330 etquidem
1720 3234 1760 3303 in
1780 3232 1918 3303 familia
1935 3229 2326 3326 Imperatorianatum

289 3330 479 3417 voluntate
508 3332 553 3401 ad
581 3327 651 3403 hoc
679 3345 818 3405 tantum
849 3334 1029 3427 fastigium
1058 3352 1199 3410 evectus
1225 3338 1282 3410 sit.
1334 3337 1526 3429 elegimus,
1552 3364 1659 3433 quem
1675 3337 1796 3407 indole
1812 3339 1858 3408 ad
1874 3335 2043 3406 virtutem
2063 3332 2202 3427 egregia
2222 3357 2326 3425 prae-

288 3432 387 3506 Nam
410 3428 507 3505 haud
531 3435 638 3505 dubie
667 3438 741 3505 lato
774 3449 809 3507 et
830 3439 1016 3510 voluntate
1035 3437 1103 3511 Dei
1130 3441 1281 3535 imperia
1334 3441 1450 3512 ditum
1471 3466 1547 3513 esse
1569 3441 1815 3533 cognovimus.
1874 3438 2047 3509 Eminent
2069 3450 2187 3506 autem
2214 3436 2253 3503 in
2281 3459 2326 3506 eo

291 3537 438 3606 dantur·
1334 3546 1427 3615 duae
1449 3544 1618 3628 virtutes,
1651 3566 1744 3636 quae
1766 3542 1806 3610 in
1831 3565 1972 3611 summo
1990 3538 2152 3634 principe
2169 3536 2326 3642 maxime

267 3649 269 3656 '
394 3640 553 3729 Agamus
571 3639 680 3731 igitur
695 3640 773 3712 Deo
789 3642 942 3734 gratias,
967 3644 1064 3738 qnod
1082 3643 1282 3737 principem
1334 3645 1577 3728 necessariae,
1617 3645 1777 3715 salubres
1807 3655 1843 3712 et
1866 3656 1988 3735 gratae
2018 3654 2122 3726 sunt,
2160 3640 2328 3711 videlicet

237 3836 240 3841 .
290 3740 397 3812 nobis
420 3743 578 3834 optimae
605 3756 713 3838 atque
739 3745 980 3837 amplissimae
1003 3747 1077 3839 spei
1098 3747 1215 3832 dedit,
1242 3771 1283 3817 ac
1334 3773 1439 3819 amor
1454 3746 1638 3840 religionis
1652 3758 1688 3816 et
1700 3745 1844 3816 bonitas
1859 3744 1999 3816 eximia.
2033 3745 2197 3838 Quarum
2213 3744 2325 3814 altera

290 3856 475 3938 petamus,
498 3857 540 3914 ut
553 3846 709 3937 auspicia
725 3844 873 3940 Imperii
887 3848 959 3919 sint
974 3850 1087 3922 fausta
1105 3862 1141 3919 et
1153 3849 1283 3936 felicia,
1335 3877 1417 3921 eum
1437 3853 1482 3921 ad
1497 3851 1683 3943 fugiendas
1696 3849 1884 3934 libidines,
1918 3849 1963 3917 ad
1985 3845 2150 3918 vitandas
2174 3859 2327 3918 temera·
2411 3908 2421 3928 ,

292 3958 330 4018 et
349 3958 390 4017 ut
405 3946 503 4017 Deus
526 3949 700 4039 gubernet
715 3949 824 4042 Regis
842 3949 964 4021 Caroli
988 3951 1172 4039 animum,
1198 3978 1283 4023 cons
1334 3955 1407 4025 rias
1421 3953 1639 4025 mutationes
1655 3952 1694 4021 in
1702 3952 1860 4024 Ecclesia
1877 3950 2131 4045 etRepublica,
2155 3952 2202 4021 ad
2217 3951 2326 4019 fidem

291 4048 391 4133 silis,
423 4050 600 4136 actiones,
631 4053 676 4120 ad
700 4052 851 4143 gloriam
868 4049 1001 4126 Christi
1019 4055 1283 4141 illustrandam,
1334 4058 1568 4142 servandam,
1592 4056 1902 4152 constantiamque
1916 4055 1954 4124 in
1970 4053 2176 4148 promissis,
2203 4055 2248 4121 ad
2265 4054 2326 4122 de·

292 4153 340 4221 ad
361 4149 540 4225 Ecclesiae
568 4155 865 4249 tranquillitatem
890 4158 1197 4243 constituendam,
1236 4160 1282 4230 ad
1333 4161 1531 4231 sensionem
1546 4158 1747 4249 Religionis
1770 4171 1805 4227 et
1820 4156 1967 4251 Imperii
1989 4156 2172 4227 exuscitat.
2215 4153 2326 4224 Utra-

290 4253 431 4347 patriae
456 4269 564 4351 atque
586 4255 733 4350 Imperii
763 4284 888 4351 pacem
913 4261 1192 4348 defendendam,
1236 4264 1282 4332 ad
1334 4289 1404 4359 que
1429 4287 1516 4333 vero
1540 4258 1708 4355 prohibet
1729 4261 1937 4345 saevitiam,
1971 4258 2239 4340 crudelitatem,
2269 4256 2326 4328 in·
2402 4273 2406 4282 '

290 4355 494 4446 religionis,
526 4361 667 4450 legum,
697 4361 873 4444 iustitiae,
908 4363 1116 4455 disciplinae
1141 4388 1283 4434 conser·
1333 4367 1464 4437 iustam
1482 4363 1712 4459 cupiditatem
1731 4364 1922 4434 vindictae.
1975 4362 2052 4433 Etsi
2069 4362 2164 4432 enim
2190 4359 2326 4430 iudica·

293 4458 489 4531 vationem.
553 4462 652 4532 Haec
674 4463 832 4555 ingentia
860 4465 955 4534 bona
979 4466 1176 4558 cogitemus
1198 4492 1282 4538 vere
1333 4469 1452 4541 vimus
1477 4494 1568 4561 opus
1592 4493 1666 4539 esse
1687 4480 1833 4561 potente
1855 4466 2038 4560 principe,
2064 4465 2127 4560 qui
2153 4463 2327 4535 autorita-

292 4585 370 4631 esse
385 4564 547 4633 coelestia
562 4566 752 4650 beneficia,
779 4591 872 4661 quae
887 4570 1009 4659 generi
1031 4566 1192 4641 humano
1217 4595 1283 4662 per
1333 4584 1407 4642 tem
1443 4572 1549 4641 etiam
1590 4570 1727 4643 viribus
1759 4570 1853 4641 tueri
1889 4582 2025 4664 posset:
2073 4582 2195 4637 tamen
2224 4565 2326 4658 prius

290 4666 409 4735 bonos
440 4666 619 4759 principes
646 4667 743 4740 Deus
777 4668 958 4762 impertit,
1006 4697 1117 4767 quare
1150 4697 1171 4741 a
1202 4671 1282 4743 Deo
1333 4674 1518 4766 ingenium
1554 4686 1590 4743 et
1620 4699 1740 4744 mores
1775 4673 2091 4745 consideravimus.
2155 4667 2324 4739 Potentia

291 4768 362 4859 piis
377 4780 413 4837 et
429 4770 579 4842 assiduis
596 4773 761 4863 precihus
776 4774 930 4865 petenda
952 4788 1048 4846 sunt.
1099 4776 1282 4871 Quemad-
1335 4779 1431 4847 enim
1446 4801 1521 4845 non
1536 4776 1723 4860 salutaris,
1749 4780 1811 4847 sed
1834 4775 2034 4869 perniciosa
2056 4785 2147 4844 esset
2169 4772 2269 4856 orbi,
2294 4769 2325 4842 si

290 4873 440 4942 modum
459 4871 538 4957 Ille,
562 4898 640 4944 cum
656 4874 776 4970 inquit
792 4878 837 4946 de
853 4875 951 4961 Deo,
977 4879 1040 4972 qui
1055 4878 1118 4948 dat
1130 4880 1281 4949 salutem
1333 4879 1518 4972 ingenium
1542 4880 1620 4949 leve
1643 4892 1705 4949 aut
1728 4881 1863 4949 malum
1890 4890 1990 4949 esset.
2048 4874 2112 4947 Est
2137 4888 2256 4946 autem
2281 4894 2324 4942 ea

288 4971 468 5066 Regibus,
510 4978 682 5047 admonet
711 4979 760 5048 ita
790 5003 864 5051 esse
889 4980 1006 5050 felicia
1037 4982 1210 5073 imperia,
1252 4982 1283 5053 si
1333 4984 1407 5053 iam
1423 4994 1540 5065 actas,
1564 5005 1680 5075 paene
1701 5006 1793 5075 quae
1815 4981 1885 5053 fuit
1900 4979 2097 5050 Alexandri
2119 4977 2245 5071 Magni
2266 4999 2325 5047 ca·

289 5074 389 5148 Deus
402 5080 463 5147 det
478 5080 649 5163 salutem,
677 5080 707 5151 si
723 5081 897 5173 gubernet
912 5096 1020 5178 atque
1042 5083 1189 5155 adiuvet
1209 5109 1282 5169 eos,
1334 5087 1507 5179 pessentis
1527 5082 1745 5178 Imperium,
1780 5085 1817 5153 in
1842 5108 1912 5180 qua
1936 5083 2030 5153 vires
2052 5082 2214 5175 corporis
2239 5103 2326 5172 pro·

292 5180 355 5273 qni
370 5183 588 5273 respublicas
605 5183 869 5257 administrant.
1334 5191 1529 5282 pemodum
1553 5201 1825 5273 maturuerunt,
1857 5200 1892 5257 et
1914 5186 2051 5278 ingenii
2064 5185 2194 5277 vigor,
2219 5184 2326 5253 indn-

299 5311 302 5320 ’
392 5283 530 5355 Omnes
560 5286 671 5377 igitur
697 5287 860 5358 invocate
881 5286 998 5372 Deum
1022 5302 1058 5359 et
1082 5290 1281 5361 Dominum
1334 5293 1441 5378 stria,
1468 5292 1659 5383 sagacitas,
1687 5304 1856 5363 etmores
1874 5315 1911 5362 se
1934 5289 2145 5383 proferunt,
2171 5299 2213 5357 ut
2233 5285 2326 5355 iudi·

287 5397 454 5456 nostrum
471 5386 586 5460 lesum
604 5385 807 5474 Christum,
833 5403 870 5461 et
888 5387 981 5461 hanc
997 5392 1133 5463 Psalmi
1157 5418 1281 5464 vocem
1335 5395 1428 5480 cari,
1453 5393 1570 5490 qualis
1584 5394 1631 5465 sit
1644 5406 1796 5478 natura,
1824 5393 1947 5487 possit.
2006 5389 2131 5486 ltaque
2156 5415 2236 5460 cum
2259 5388 2326 5459 sci·

288 5488 352 5580 pio
380 5503 525 5581 pectore
553 5491 790 5582 ingeminate,
832 5517 924 5589 quae
946 5498 1189 5586 precationem
1213 5521 1282 5590 pro
1332 5521 1474 5582 remus,
1499 5496 1633 5588 Regem
1650 5496 1820 5567 Carolum
1835 5522 1900 5568 sno
1919 5495 2053 5568 iudicio
2076 5494 2189 5564 multa
2212 5488 2326 5561 hone-

288 5615 374 5683 rege
396 5594 571 5663 continet:
609 5594 732 5664 Mittat
751 5595 818 5664 tibi
840 5596 1010 5667 auxilium
1034 5599 1078 5668 de
1099 5612 1222 5670 sancto
1248 5613 1283 5670 et
1333 5613 1386 5671 ste
1403 5614 1438 5670 et
1455 5601 1613 5692 graviter
1627 5603 1865 5693 respondere,
1892 5612 1927 5670 et
1942 5624 2018 5670 non
2035 5599 2152 5671 solum
2169 5619 2244 5664 non
2262 5588 2325 5661 he-

289 5696 335 5764 de
352 5695 441 5766 Sion
458 5710 601 5768 tueatur
618 5709 665 5767 te.
704 5697 860 5768 Publico
875 5700 982 5768 etiam
997 5702 1145 5772 nomine
1160 5714 1282 5796 postu·
1332 5704 1473 5790 hetem,
1498 5705 1557 5775 sed
1576 5704 1685 5774 etiam
1701 5704 1874 5798 singulari
1889 5704 2064 5774 industria
2083 5713 2119 5771 et
2139 5695 2323 5790 diligentia

288 5795 424 5885 lamus,
465 5813 506 5872 ut
527 5799 659 5871 Carolo
684 5800 775 5894 Regi
802 5801 1072 5890 Romanorum,
1113 5817 1150 5877 et
1169 5807 1299 5915 electo·
1333 5807 1373 5877 in
1390 5807 1565 5904 obeundis
1580 5809 1755 5900 negotiis,
1781 5820 1844 5878 aut
1867 5804 2100 5901 providendis
2148 5812 2210 5872 aut
2232 5797 2326 5869 iudi·
