<?xml version="1.0" encoding="UTF-8"?>
<!DOCTYPE html PUBLIC "-//W3C//DTD XHTML 1.0 Transitional//EN"
    "http://www.w3.org/TR/xhtml1/DTD/xhtml1-transitional.dtd">
<html xmlns="http://www.w3.org/1999/xhtml" xml:lang="en" lang="en">
 <head>
  <title>
</title>
<meta http-equiv="Content-Type" content="text/html;charset=utf-8" />
  <meta name='ocr-system' content='tesseract 3.04.00' />
  <meta name='ocr-capabilities' content='ocr_page ocr_carea ocr_par ocr_line ocrx_word'/>
</head>
<body>
  <div class='ocr_page' id='page_1' title='image "./philippimelanth22melagoog/philippimelanth22melagoog_0211.png"; bbox 0 0 5534 6700; ppageno 0'>
   <div class='ocr_carea' id='block_1_1' title="bbox 293 570 2321 657">
    <p class='ocr_par' dir='ltr' id='par_1_1' title="bbox 293 570 2321 657">
     <span class='ocr_line' id='line_1_1' title="bbox 293 570 2321 657; baseline -0.01 0"><span class='ocrx_word' id='word_1_1' title='bbox 293 577 367 657; x_wconf 80' lang='lat'>4⁰⁶</span> <span class='ocrx_word' id='word_1_2' title='bbox 951 573 1071 647; x_wconf 83' lang='lat' dir='ltr'>XCIX.</span> <span class='ocrx_word' id='word_1_3' title='bbox 1123 571 1391 646; x_wconf 77' lang='lat' dir='ltr'>ELEMENTA</span> <span class='ocrx_word' id='word_1_4' title='bbox 1423 570 1661 646; x_wconf 69' lang='lat' dir='ltr'>evertunt</span> <span class='ocrx_word' id='word_1_5' title='bbox 2244 571 2321 647; x_wconf 73' lang='lat'>400</span> 
     </span>
    </p>
   </div>
   <div class='ocr_carea' id='block_1_2' title="bbox 290 743 2317 938">
    <p class='ocr_par' dir='ltr' id='par_1_2' title="bbox 290 743 2317 938">
     <span class='ocr_line' id='line_1_2' title="bbox 292 743 2317 837; baseline -0.003 -16"><span class='ocrx_word' id='word_1_6' title='bbox 292 754 397 835; x_wconf 89' lang='lat' dir='ltr'>tales,</span> <span class='ocrx_word' id='word_1_7' title='bbox 439 749 596 821; x_wconf 88' lang='lat' dir='ltr'>honores</span> <span class='ocrx_word' id='word_1_8' title='bbox 617 761 737 820; x_wconf 89' lang='lat' dir='ltr'>autem</span> <span class='ocrx_word' id='word_1_9' title='bbox 759 747 993 818; x_wconf 90' lang='lat' dir='ltr'>immortales.</span> <span class='ocrx_word' id='word_1_10' title='bbox 1055 745 1191 816; x_wconf 82' lang='lat' dir='ltr'>Amicis</span> <span class='ocrx_word' id='word_1_11' title='bbox 1217 746 1277 813; x_wconf 90' lang='lat' dir='ltr'>ad·</span> <span class='ocrx_word' id='word_1_12' title='bbox 1329 743 1498 813; x_wconf 87' lang='lat' dir='ltr'>lescentia</span> <span class='ocrx_word' id='word_1_13' title='bbox 1522 746 1667 837; x_wconf 88' lang='lat' dir='ltr'>quidem</span> <span class='ocrx_word' id='word_1_14' title='bbox 1690 745 1925 827; x_wconf 87' lang='lat' dir='ltr'>modestiam,</span> <span class='ocrx_word' id='word_1_15' title='bbox 1964 745 2002 813; x_wconf 90' lang='lat' dir='ltr'>in</span> <span class='ocrx_word' id='word_1_16' title='bbox 2025 758 2205 816; x_wconf 74' lang='lat' dir='ltr'><strong>senectute</strong></span> <span class='ocrx_word' id='word_1_17' title='bbox 2230 771 2317 814; x_wconf 91' lang='lat' dir='ltr'>vero</span> 
     </span>
     <span class='ocr_line' id='line_1_3' title="bbox 290 845 1556 938; baseline -0.004 -16"><span class='ocrx_word' id='word_1_18' title='bbox 290 878 390 926; x_wconf 89' lang='lat' dir='ltr'>versa</span> <span class='ocrx_word' id='word_1_19' title='bbox 404 855 547 923; x_wconf 84' lang='lat' dir='ltr'>fortuna</span> <span class='ocrx_word' id='word_1_20' title='bbox 563 853 745 924; x_wconf 90' lang='lat' dir='ltr'>utentibus</span> <span class='ocrx_word' id='word_1_21' title='bbox 757 851 851 919; x_wconf 89' lang='lat' dir='ltr'>idem</span> <span class='ocrx_word' id='word_1_22' title='bbox 869 863 956 920; x_wconf 87' lang='lat' dir='ltr'>esto.</span> <span class='ocrx_word' id='word_1_23' title='bbox 989 846 1144 917; x_wconf 86' lang='lat' dir='ltr'>Lucrum</span> <span class='ocrx_word' id='word_1_24' title='bbox 1161 861 1278 938; x_wconf 92' lang='lat' dir='ltr'>turpe,</span> <span class='ocrx_word' id='word_1_25' title='bbox 1329 845 1556 936; x_wconf 80' lang='lat' dir='ltr'>sapientiam.</span> 
     </span>
    </p>
   </div>
   <div class='ocr_carea' id='block_1_3' title="bbox 289 947 2303 1191">
    <p class='ocr_par' dir='ltr' id='par_1_3' title="bbox 289 947 2303 1191">
     <span class='ocr_line' id='line_1_4' title="bbox 289 947 2303 1191; baseline -0.005 -64"><span class='ocrx_word' id='word_1_26' title='bbox 289 947 1278 1144; x_wconf 57' lang='lat' dir='ltr'>atetltudttt&#39;l,P‘tl¹zttt,ltt2‘⁰a.l;</span> <span class='ocrx_word' id='word_1_27' title='bbox 1354 1016 1565 1090; x_wconf 67' lang='lat' dir='ltr'>Eiusdem</span> <span class='ocrx_word' id='word_1_28' title='bbox 1594 1014 2303 1191; x_wconf 48' lang='lat' dir='ltr'>exprpigppergpo11v·Enseu.</span> 
     </span>
    </p>
   </div>
   <div class='ocr_carea' id='block_1_4' title="bbox 282 1153 2318 3815">
    <p class='ocr_par' dir='ltr' id='par_1_4' title="bbox 288 1153 2317 1455">
     <span class='ocr_line' id='line_1_5' title="bbox 290 1153 1276 1249; baseline -0.005 -21"><span class='ocrx_word' id='word_1_29' title='bbox 290 1162 466 1234; x_wconf 89' lang='lat' dir='ltr'>inimicos.</span> <span class='ocrx_word' id='word_1_30' title='bbox 531 1160 684 1231; x_wconf 85' lang='lat' dir='ltr'>Veritati</span> <span class='ocrx_word' id='word_1_31' title='bbox 707 1153 912 1227; x_wconf 81' lang='lat' dir='ltr'>adhaereto.</span> <span class='ocrx_word' id='word_1_32' title='bbox 975 1160 1051 1246; x_wconf 78' lang='lat' dir='ltr'>Age</span> <span class='ocrx_word' id='word_1_33' title='bbox 1072 1180 1164 1249; x_wconf 88' lang='lat' dir='ltr'>quae</span> <span class='ocrx_word' id='word_1_34' title='bbox 1185 1155 1276 1225; x_wconf 72' lang='lat' dir='ltr'>iusta</span> 
     </span>
     <span class='ocr_line' id='line_1_6' title="bbox 289 1256 2317 1350; baseline -0.002 -17"><span class='ocrx_word' id='word_1_35' title='bbox 289 1278 383 1333; x_wconf 89' lang='lat' dir='ltr'>sunt.</span> <span class='ocrx_word' id='word_1_36' title='bbox 459 1263 677 1332; x_wconf 77' lang='lat' dir='ltr'>violentiam</span> <span class='ocrx_word' id='word_1_37' title='bbox 714 1261 844 1330; x_wconf 90' lang='lat' dir='ltr'>oderis.</span> <span class='ocrx_word' id='word_1_38' title='bbox 917 1258 1145 1348; x_wconf 78' lang='lat' dir='ltr'>Principibus</span> <span class='ocrx_word' id='word_1_39' title='bbox 1181 1261 1277 1327; x_wconf 89' lang='lat' dir='ltr'>cede.</span> <span class='ocrx_word' id='word_1_40' title='bbox 1329 1257 1518 1350; x_wconf 80' lang='lat' dir='ltr'>Quaenam</span> <span class='ocrx_word' id='word_1_41' title='bbox 1541 1280 1680 1327; x_wconf 89' lang='lat' dir='ltr'>summa</span> <span class='ocrx_word' id='word_1_42' title='bbox 1701 1256 1815 1328; x_wconf 80' lang='lat' dir='ltr'>boni?</span> <span class='ocrx_word' id='word_1_43' title='bbox 1847 1280 1948 1327; x_wconf 92' lang='lat' dir='ltr'>mens</span> <span class='ocrx_word' id='word_1_44' title='bbox 1971 1281 2063 1350; x_wconf 87' lang='lat' dir='ltr'>quae</span> <span class='ocrx_word' id='word_1_45' title='bbox 2085 1257 2154 1328; x_wconf 89' lang='lat' dir='ltr'>sibi</span> <span class='ocrx_word' id='word_1_46' title='bbox 2176 1259 2317 1329; x_wconf 83' lang='lat' dir='ltr'>conscia</span> 
     </span>
     <span class='ocr_line' id='line_1_7' title="bbox 288 1359 2049 1455; baseline -0.001 -26"><span class='ocrx_word' id='word_1_47' title='bbox 288 1366 474 1455; x_wconf 83' lang='lat' dir='ltr'>Voluptati</span> <span class='ocrx_word' id='word_1_48' title='bbox 491 1366 641 1455; x_wconf 88' lang='lat' dir='ltr'>impera.</span> <span class='ocrx_word' id='word_1_49' title='bbox 691 1362 725 1430; x_wconf 80' lang='lat' dir='ltr'><strong>A</strong></span> <span class='ocrx_word' id='word_1_50' title='bbox 738 1362 973 1432; x_wconf 81' lang='lat' dir='ltr'>iureiurando</span> <span class='ocrx_word' id='word_1_51' title='bbox 995 1361 1144 1430; x_wconf 79' lang='lat' dir='ltr'>abstine.</span> <span class='ocrx_word' id='word_1_52' title='bbox 1197 1359 1278 1428; x_wconf 89' lang='lat' dir='ltr'>Pie·</span> <span class='ocrx_word' id='word_1_53' title='bbox 1948 1359 2049 1430; x_wconf 85' lang='lat' dir='ltr'>recti.</span> 
     </span>
    </p>

    <p class='ocr_par' dir='ltr' id='par_1_5' title="bbox 282 1456 2318 3815">
     <span class='ocr_line' id='line_1_8' title="bbox 289 1456 2317 1554; baseline -0 -17"><span class='ocrx_word' id='word_1_54' title='bbox 289 1482 397 1537; x_wconf 84' lang='lat' dir='ltr'>tatem</span> <span class='ocrx_word' id='word_1_55' title='bbox 422 1482 570 1538; x_wconf 82' lang='lat' dir='ltr'>sectare.</span> <span class='ocrx_word' id='word_1_56' title='bbox 621 1467 786 1535; x_wconf 77' lang='lat' dir='ltr'>Laudato</span> <span class='ocrx_word' id='word_1_57' title='bbox 807 1461 973 1545; x_wconf 82' lang='lat' dir='ltr'>honesta.</span> <span class='ocrx_word' id='word_1_58' title='bbox 1024 1465 1057 1532; x_wconf 76' lang='grc' dir='ltr'><strong>Α</strong></span> <span class='ocrx_word' id='word_1_59' title='bbox 1081 1461 1177 1533; x_wconf 86' lang='lat' dir='ltr'>vitiis</span> <span class='ocrx_word' id='word_1_60' title='bbox 1199 1464 1277 1531; x_wconf 90' lang='lat' dir='ltr'>abs-</span> <span class='ocrx_word' id='word_1_61' title='bbox 1329 1461 1509 1531; x_wconf 88' lang='lat' dir='ltr'>Pernicies</span> <span class='ocrx_word' id='word_1_62' title='bbox 1524 1456 1662 1528; x_wconf 89' lang='lat' dir='ltr'>homini</span> <span class='ocrx_word' id='word_1_63' title='bbox 1681 1485 1773 1554; x_wconf 92' lang='lat' dir='ltr'>quae</span> <span class='ocrx_word' id='word_1_64' title='bbox 1787 1460 2080 1532; x_wconf 70' lang='lat' dir='ltr'>maximalsolus</span> <span class='ocrx_word' id='word_1_65' title='bbox 2091 1458 2203 1533; x_wconf 87' lang='lat' dir='ltr'>homo</span> <span class='ocrx_word' id='word_1_66' title='bbox 2215 1466 2317 1538; x_wconf 83' lang='lat' dir='ltr'>alter.</span> 
     </span>
     <span class='ocr_line' id='line_1_9' title="bbox 287 1562 2318 1659; baseline -0.003 -18"><span class='ocrx_word' id='word_1_67' title='bbox 287 1571 372 1641; x_wconf 89' lang='lat' dir='ltr'>tine.</span> <span class='ocrx_word' id='word_1_68' title='bbox 424 1570 643 1641; x_wconf 86' lang='lat' dir='ltr'>Beneficium</span> <span class='ocrx_word' id='word_1_69' title='bbox 667 1570 836 1659; x_wconf 81' lang='lat' dir='ltr'>repende.</span> <span class='ocrx_word' id='word_1_70' title='bbox 888 1564 1114 1657; x_wconf 72' lang='lat' dir='ltr'>supplicibus</span> <span class='ocrx_word' id='word_1_71' title='bbox 1139 1564 1276 1635; x_wconf 90' lang='lat' dir='ltr'>miseri·</span> <span class='ocrx_word' id='word_1_72' title='bbox 1330 1563 1420 1656; x_wconf 92' lang='lat' dir='ltr'>Quis</span> <span class='ocrx_word' id='word_1_73' title='bbox 1436 1562 1559 1633; x_wconf 84' lang='lat' dir='ltr'>dives?</span> <span class='ocrx_word' id='word_1_74' title='bbox 1576 1565 1640 1657; x_wconf 87' lang='lat' dir='ltr'>qui</span> <span class='ocrx_word' id='word_1_75' title='bbox 1654 1564 1706 1631; x_wconf 93' lang='lat' dir='ltr'>nil</span> <span class='ocrx_word' id='word_1_76' title='bbox 1722 1564 1853 1654; x_wconf 91' lang='lat' dir='ltr'>cupiat.</span> <span class='ocrx_word' id='word_1_77' title='bbox 1886 1563 1976 1657; x_wconf 93' lang='lat' dir='ltr'>Quis</span> <span class='ocrx_word' id='word_1_78' title='bbox 1993 1564 2154 1656; x_wconf 83' lang='lat' dir='ltr'>pauper?</span> <span class='ocrx_word' id='word_1_79' title='bbox 2177 1592 2318 1643; x_wconf 85' lang='lat' dir='ltr'>avarus.</span> 
     </span>
     <span class='ocr_line' id='line_1_10' title="bbox 289 1660 2254 1761; baseline -0.001 -20"><span class='ocrx_word' id='word_1_80' title='bbox 289 1697 368 1761; x_wconf 81' lang='lat' dir='ltr'>cors</span> <span class='ocrx_word' id='word_1_81' title='bbox 391 1685 479 1744; x_wconf 92' lang='lat' dir='ltr'>esto.</span> <span class='ocrx_word' id='word_1_82' title='bbox 544 1671 697 1742; x_wconf 84' lang='lat' dir='ltr'>Liberos</span> <span class='ocrx_word' id='word_1_83' title='bbox 718 1670 876 1743; x_wconf 86' lang='lat' dir='ltr'>institue.</span> <span class='ocrx_word' id='word_1_84' title='bbox 942 1667 1152 1758; x_wconf 90' lang='lat' dir='ltr'>Sapientum</span> <span class='ocrx_word' id='word_1_85' title='bbox 1177 1679 1278 1737; x_wconf 90' lang='lat' dir='ltr'>utere</span> <span class='ocrx_word' id='word_1_86' title='bbox 1329 1664 1432 1758; x_wconf 86' lang='lat' dir='ltr'>Quae</span> <span class='ocrx_word' id='word_1_87' title='bbox 1450 1668 1517 1736; x_wconf 93' lang='lat' dir='ltr'>dos</span> <span class='ocrx_word' id='word_1_88' title='bbox 1535 1667 1711 1736; x_wconf 91' lang='lat' dir='ltr'>matronis</span> <span class='ocrx_word' id='word_1_89' title='bbox 1728 1660 1997 1758; x_wconf 80' lang='lat' dir='ltr'>pulcherrima?</span> <span class='ocrx_word' id='word_1_90' title='bbox 2022 1669 2093 1735; x_wconf 90' lang='lat' dir='ltr'>vita</span> <span class='ocrx_word' id='word_1_91' title='bbox 2114 1673 2254 1760; x_wconf 88' lang='lat' dir='ltr'>pudica.</span> 
     </span>
     <span class='ocr_line' id='line_1_11' title="bbox 289 1766 2251 1862; baseline -0.001 -18"><span class='ocrx_word' id='word_1_92' title='bbox 289 1777 558 1845; x_wconf 89' lang='lat' dir='ltr'>consuetudine.</span> <span class='ocrx_word' id='word_1_93' title='bbox 616 1773 736 1859; x_wconf 84' lang='lat' dir='ltr'>Litem</span> <span class='ocrx_word' id='word_1_94' title='bbox 760 1771 892 1843; x_wconf 88' lang='lat' dir='ltr'>oderis.</span> <span class='ocrx_word' id='word_1_95' title='bbox 949 1769 1074 1843; x_wconf 90' lang='lat' dir='ltr'>Bonos</span> <span class='ocrx_word' id='word_1_96' title='bbox 1099 1771 1137 1839; x_wconf 92' lang='lat' dir='ltr'>in</span> <span class='ocrx_word' id='word_1_97' title='bbox 1159 1768 1277 1860; x_wconf 85' lang='lat' dir='ltr'>pretio</span> <span class='ocrx_word' id='word_1_98' title='bbox 1330 1768 1432 1861; x_wconf 84' lang='lat' dir='ltr'>Quae</span> <span class='ocrx_word' id='word_1_99' title='bbox 1448 1782 1542 1838; x_wconf 91' lang='lat' dir='ltr'>casta</span> <span class='ocrx_word' id='word_1_100' title='bbox 1562 1766 1646 1838; x_wconf 81' lang='lat' dir='ltr'>est&#39;?¹</span> <span class='ocrx_word' id='word_1_101' title='bbox 1666 1771 1710 1837; x_wconf 92' lang='lat' dir='ltr'>de</span> <span class='ocrx_word' id='word_1_102' title='bbox 1729 1794 1799 1862; x_wconf 87' lang='lat' dir='ltr'>qua</span> <span class='ocrx_word' id='word_1_103' title='bbox 1815 1768 1911 1836; x_wconf 79' lang='lat' dir='ltr'>lama</span> <span class='ocrx_word' id='word_1_104' title='bbox 1934 1766 2079 1837; x_wconf 84' lang='lat' dir='ltr'>mentiri</span> <span class='ocrx_word' id='word_1_105' title='bbox 2097 1787 2251 1845; x_wconf 86' lang='lat' dir='ltr'>veretur.</span> 
     </span>
     <span class='ocr_line' id='line_1_12' title="bbox 286 1871 2316 1970; baseline 0.001 -26"><span class='ocrx_word' id='word_1_106' title='bbox 286 1873 430 1948; x_wconf 87' lang='lat' dir='ltr'>habeto.</span> <span class='ocrx_word' id='word_1_107' title='bbox 481 1878 579 1953; x_wconf 82' lang='lat' dir='ltr'>Audi</span> <span class='ocrx_word' id='word_1_108' title='bbox 602 1900 695 1970; x_wconf 91' lang='lat' dir='ltr'>quae</span> <span class='ocrx_word' id='word_1_109' title='bbox 716 1879 761 1945; x_wconf 93' lang='lat' dir='ltr'>ad</span> <span class='ocrx_word' id='word_1_110' title='bbox 788 1888 823 1945; x_wconf 88' lang='lat' dir='ltr'>te</span> <span class='ocrx_word' id='word_1_111' title='bbox 844 1874 1037 1966; x_wconf 79' lang='lat' dir='ltr'>pertinent.</span> <span class='ocrx_word' id='word_1_112' title='bbox 1095 1872 1287 1965; x_wconf 87' lang='lat' dir='ltr'>Probrum</span> <span class='ocrx_word' id='word_1_113' title='bbox 1329 1871 1438 1964; x_wconf 92' lang='lat' dir='ltr'>Quod</span> <span class='ocrx_word' id='word_1_114' title='bbox 1455 1872 1642 1963; x_wconf 91' lang='lat' dir='ltr'>prudentis</span> <span class='ocrx_word' id='word_1_115' title='bbox 1660 1871 1775 1962; x_wconf 81' lang='lat' dir='ltr'>opus?</span> <span class='ocrx_word' id='word_1_116' title='bbox 1808 1894 1888 1941; x_wconf 82' lang='lat' dir='ltr'>cunr</span> <span class='ocrx_word' id='word_1_117' title='bbox 1906 1873 2038 1962; x_wconf 88' lang='lat' dir='ltr'>possit,</span> <span class='ocrx_word' id='word_1_118' title='bbox 2063 1874 2159 1944; x_wconf 90' lang='lat' dir='ltr'>nolle</span> <span class='ocrx_word' id='word_1_119' title='bbox 2175 1898 2316 1951; x_wconf 85' lang='lat' dir='ltr'>nocere.</span> 
     </span>
     <span class='ocr_line' id='line_1_13' title="bbox 285 1970 2305 2073; baseline 0.002 -25"><span class='ocrx_word' id='word_1_120' title='bbox 285 1980 411 2070; x_wconf 81' lang='lat' dir='ltr'>fugito.</span> <span class='ocrx_word' id='word_1_121' title='bbox 464 1980 655 2073; x_wconf 83' lang='lat' dir='ltr'>Responde</span> <span class='ocrx_word' id='word_1_122' title='bbox 678 1979 716 2045; x_wconf 94' lang='lat' dir='ltr'>in</span> <span class='ocrx_word' id='word_1_123' title='bbox 739 1992 913 2070; x_wconf 89' lang='lat' dir='ltr'>tempore.</span> <span class='ocrx_word' id='word_1_124' title='bbox 965 1975 1016 2045; x_wconf 85' lang='lat' dir='ltr'>Ea</span> <span class='ocrx_word' id='word_1_125' title='bbox 1033 1976 1160 2057; x_wconf 89' lang='lat' dir='ltr'>facito,</span> <span class='ocrx_word' id='word_1_126' title='bbox 1187 1998 1277 2068; x_wconf 92' lang='lat' dir='ltr'>quo·</span> <span class='ocrx_word' id='word_1_127' title='bbox 1329 1973 1427 2066; x_wconf 82' lang='lat' dir='ltr'>Quid</span> <span class='ocrx_word' id='word_1_128' title='bbox 1443 1970 1541 2044; x_wconf 90' lang='lat' dir='ltr'>stulti</span> <span class='ocrx_word' id='word_1_129' title='bbox 1556 1971 1773 2065; x_wconf 80' lang='lat' dir='ltr'>proprium?</span> <span class='ocrx_word' id='word_1_130' title='bbox 1796 1997 1871 2043; x_wconf 91' lang='lat' dir='ltr'>non</span> <span class='ocrx_word' id='word_1_131' title='bbox 1887 1997 1991 2066; x_wconf 90' lang='lat' dir='ltr'>posse</span> <span class='ocrx_word' id='word_1_132' title='bbox 2009 1987 2044 2042; x_wconf 91' lang='lat' dir='ltr'>et</span> <span class='ocrx_word' id='word_1_133' title='bbox 2059 1976 2149 2046; x_wconf 89' lang='lat' dir='ltr'>velle</span> <span class='ocrx_word' id='word_1_134' title='bbox 2163 2001 2305 2054; x_wconf 92' lang='lat' dir='ltr'>nocere.</span> 
     </span>
     <span class='ocr_line' id='line_1_14' title="bbox 286 2077 2113 2174; baseline -0.007 -24"><span class='ocrx_word' id='word_1_135' title='bbox 286 2106 366 2150; x_wconf 88' lang='lat' dir='ltr'>rum</span> <span class='ocrx_word' id='word_1_136' title='bbox 382 2105 458 2150; x_wconf 90' lang='lat' dir='ltr'>non</span> <span class='ocrx_word' id='word_1_137' title='bbox 473 2085 586 2174; x_wconf 77' lang='lat' dir='ltr'>possit</span> <span class='ocrx_word' id='word_1_138' title='bbox 601 2078 798 2174; x_wconf 79' lang='lat' dir='ltr'>poenitere.</span> <span class='ocrx_word' id='word_1_139' title='bbox 813 2079 883 2150; x_wconf 86' lang='lat' dir='ltr'>..Ne</span> <span class='ocrx_word' id='word_1_140' title='bbox 901 2078 959 2148; x_wconf 90' lang='lat' dir='ltr'>cui</span> <span class='ocrx_word' id='word_1_141' title='bbox 974 2078 1147 2148; x_wconf 88' lang='lat' dir='ltr'>invideas.</span> <span class='ocrx_word' id='word_1_142' title='bbox 1181 2077 1276 2144; x_wconf 91' lang='lat' dir='ltr'>Ocu·</span> <span class='ocrx_word' id='word_1_143' title='bbox 2107 2096 2113 2105; x_wconf 90' lang='grc'><em>·</em></span> 
     </span>
     <span class='ocr_line' id='line_1_15' title="bbox 286 2178 1275 2278; baseline -0.003 -28"><span class='ocrx_word' id='word_1_144' title='bbox 286 2184 329 2253; x_wconf 88' lang='lat' dir='ltr'>lis</span> <span class='ocrx_word' id='word_1_145' title='bbox 346 2187 548 2255; x_wconf 89' lang='lat' dir='ltr'>moderare.</span> <span class='ocrx_word' id='word_1_146' title='bbox 600 2185 709 2278; x_wconf 90' lang='lat' dir='ltr'>Quod</span> <span class='ocrx_word' id='word_1_147' title='bbox 725 2185 857 2254; x_wconf 82' lang='lat' dir='ltr'>iustum</span> <span class='ocrx_word' id='word_1_148' title='bbox 875 2193 946 2264; x_wconf 89' lang='lat' dir='ltr'>est,</span> <span class='ocrx_word' id='word_1_149' title='bbox 970 2181 1124 2250; x_wconf 88' lang='lat' dir='ltr'>imitare.</span> <span class='ocrx_word' id='word_1_150' title='bbox 1176 2178 1275 2248; x_wconf 91' lang='lat' dir='ltr'>Bene</span> 
     </span>
     <span class='ocr_line' id='line_1_16' title="bbox 285 2280 2317 2375; baseline 0.002 -23"><span class='ocrx_word' id='word_1_151' title='bbox 285 2288 435 2356; x_wconf 87' lang='lat' dir='ltr'>meritos</span> <span class='ocrx_word' id='word_1_152' title='bbox 449 2285 603 2357; x_wconf 91' lang='lat' dir='ltr'>honora.</span> <span class='ocrx_word' id='word_1_153' title='bbox 655 2287 851 2375; x_wconf 79' lang='lat' dir='ltr'>Spes-iove.</span> <span class='ocrx_word' id='word_1_154' title='bbox 890 2282 1129 2355; x_wconf 86' lang='lat' dir='ltr'>-Calumniam</span> <span class='ocrx_word' id='word_1_155' title='bbox 1145 2282 1275 2352; x_wconf 89' lang='lat' dir='ltr'>oderis.</span> <span class='ocrx_word' id='word_1_156' title='bbox 1430 2280 1705 2372; x_wconf 84' lang='lat' dir='ltr'>Qusefacturus</span> <span class='ocrx_word' id='word_1_157' title='bbox 1720 2302 1774 2362; x_wconf 88' lang='lat' dir='ltr'>es,</span> <span class='ocrx_word' id='word_1_158' title='bbox 1802 2303 1849 2348; x_wconf 90' lang='lat' dir='ltr'>ne</span> <span class='ocrx_word' id='word_1_159' title='bbox 1865 2283 2101 2372; x_wconf 79' lang='lat' dir='ltr'>praedixeris,</span> <span class='ocrx_word' id='word_1_160' title='bbox 2126 2287 2317 2362; x_wconf 82' lang='lat' dir='ltr'>frustratus</span> 
     </span>
     <span class='ocr_line' id='line_1_17' title="bbox 284 2381 2318 2474; baseline 0.003 -19"><span class='ocrx_word' id='word_1_161' title='bbox 284 2388 450 2457; x_wconf 81' lang='lat' dir='ltr'>Affabilis</span> <span class='ocrx_word' id='word_1_162' title='bbox 482 2403 569 2459; x_wconf 86' lang='lat' dir='ltr'>esto.</span> <span class='ocrx_word' id='word_1_163' title='bbox 635 2389 725 2457; x_wconf 90' lang='lat' dir='ltr'>Cum</span> <span class='ocrx_word' id='word_1_164' title='bbox 754 2387 904 2468; x_wconf 89' lang='lat' dir='ltr'>erraris,</span> <span class='ocrx_word' id='word_1_165' title='bbox 947 2399 1044 2456; x_wconf 90' lang='lat' dir='ltr'>muta</span> <span class='ocrx_word' id='word_1_166' title='bbox 1074 2385 1275 2467; x_wconf 84' lang='lat' dir='ltr'>consilium.</span> <span class='ocrx_word' id='word_1_167' title='bbox 1328 2383 1423 2450; x_wconf 90' lang='lat' dir='ltr'>enirn</span> <span class='ocrx_word' id='word_1_168' title='bbox 1441 2383 1628 2452; x_wconf 88' lang='lat' dir='ltr'>videberis.</span> <span class='ocrx_word' id='word_1_169' title='bbox 1681 2381 1892 2474; x_wconf 88' lang='lat' dir='ltr'>Depositum</span> <span class='ocrx_word' id='word_1_170' title='bbox 1911 2387 2032 2457; x_wconf 88' lang='lat' dir='ltr'>redde.</span> <span class='ocrx_word' id='word_1_171' title='bbox 2084 2389 2318 2461; x_wconf 81' lang='lat' dir='ltr'>Afamiliarl·</span> 
     </span>
     <span class='ocr_line' id='line_1_18' title="bbox 285 2485 2317 2578; baseline 0.004 -22"><span class='ocrx_word' id='word_1_172' title='bbox 285 2488 472 2558; x_wconf 90' lang='lat' dir='ltr'>Diutinam</span> <span class='ocrx_word' id='word_1_173' title='bbox 491 2489 854 2559; x_wconf 86' lang='lat' dir='ltr'>amicitiam-custodi.</span> <span class='ocrx_word' id='word_1_174' title='bbox 905 2487 1084 2557; x_wconf 85' lang='lat' dir='ltr'>Omnibus</span> <span class='ocrx_word' id='word_1_175' title='bbox 1104 2500 1139 2555; x_wconf 91' lang='lat' dir='ltr'>te</span> <span class='ocrx_word' id='word_1_176' title='bbox 1157 2487 1273 2578; x_wconf 89' lang='lat' dir='ltr'>ipsum</span> <span class='ocrx_word' id='word_1_177' title='bbox 1327 2486 1393 2553; x_wconf 90' lang='lat' dir='ltr'>bus</span> <span class='ocrx_word' id='word_1_178' title='bbox 1425 2485 1464 2550; x_wconf 92' lang='lat' dir='ltr'>in</span> <span class='ocrx_word' id='word_1_179' title='bbox 1494 2485 1642 2554; x_wconf 86' lang='lat' dir='ltr'>minutis</span> <span class='ocrx_word' id='word_1_180' title='bbox 1670 2486 1777 2554; x_wconf 91' lang='lat' dir='ltr'>rebus</span> <span class='ocrx_word' id='word_1_181' title='bbox 1809 2487 1925 2557; x_wconf 86' lang='lat' dir='ltr'>laesus</span> <span class='ocrx_word' id='word_1_182' title='bbox 1950 2489 2055 2561; x_wconf 81' lang='lat' dir='ltr'>teras.</span> <span class='ocrx_word' id='word_1_183' title='bbox 2118 2492 2245 2564; x_wconf 80' lang='lat' dir='ltr'>Amico</span> <span class='ocrx_word' id='word_1_184' title='bbox 2270 2518 2317 2566; x_wconf 89' lang='lat' dir='ltr'>ne</span> 
     </span>
     <span class='ocr_line' id='line_1_19' title="bbox 283 2566 2317 2682; baseline 0.002 -24"><span class='ocrx_word' id='word_1_185' title='bbox 283 2593 429 2682; x_wconf 89' lang='lat' dir='ltr'>praebe.</span> <span class='ocrx_word' id='word_1_186' title='bbox 481 2592 889 2665; x_wconf 83' lang='lat' dir='ltr'>Concordiamsectare.</span> <span class='ocrx_word' id='word_1_187' title='bbox 947 2589 1180 2680; x_wconf 79' lang='lat' dir='ltr'>Magistratus</span> <span class='ocrx_word' id='word_1_188' title='bbox 1203 2611 1276 2656; x_wconf 90' lang='lat' dir='ltr'>me·</span> <span class='ocrx_word' id='word_1_189' title='bbox 1299 2566 1303 2676; x_wconf 71' lang='lat' dir='ltr'>l</span> <span class='ocrx_word' id='word_1_190' title='bbox 1328 2586 1565 2656; x_wconf 82' lang='lat' dir='ltr'>maledixeris.</span> <span class='ocrx_word' id='word_1_191' title='bbox 1610 2583 1797 2655; x_wconf 88' lang='lat' dir='ltr'>lnimicum</span> <span class='ocrx_word' id='word_1_192' title='bbox 1815 2612 1860 2656; x_wconf 90' lang='lat' dir='ltr'>ne</span> <span class='ocrx_word' id='word_1_193' title='bbox 1877 2602 1980 2679; x_wconf 89' lang='lat' dir='ltr'>putes</span> <span class='ocrx_word' id='word_1_194' title='bbox 1995 2592 2161 2664; x_wconf 85' lang='lat' dir='ltr'>amicum.</span> <span class='ocrx_word' id='word_1_195' title='bbox 2202 2597 2317 2668; x_wconf 84' lang='lat' dir='ltr'>Uxori</span> 
     </span>
     <span class='ocr_line' id='line_1_20' title="bbox 284 2682 2314 2787; baseline 0.004 -25"><span class='ocrx_word' id='word_1_196' title='bbox 284 2706 356 2762; x_wconf 88' lang='lat' dir='ltr'>tue.</span> <span class='ocrx_word' id='word_1_197' title='bbox 408 2693 463 2763; x_wconf 90' lang='lat' dir='ltr'>Ne</span> <span class='ocrx_word' id='word_1_198' title='bbox 482 2695 644 2787; x_wconf 90' lang='lat' dir='ltr'>loquaris</span> <span class='ocrx_word' id='word_1_199' title='bbox 660 2696 705 2764; x_wconf 90' lang='lat' dir='ltr'>ad</span> <span class='ocrx_word' id='word_1_200' title='bbox 724 2694 890 2785; x_wconf 73' lang='lat' dir='ltr'>gratiam.</span> <span class='ocrx_word' id='word_1_201' title='bbox 942 2693 996 2765; x_wconf 88' lang='lat' dir='ltr'>Ne</span> <span class='ocrx_word' id='word_1_202' title='bbox 1022 2692 1276 2782; x_wconf 85' lang='lat' dir='ltr'>tempori&#39;cre·</span> <span class='ocrx_word' id='word_1_203' title='bbox 1299 2682 1303 2711; x_wconf 85' lang='lat'>¹</span> <span class='ocrx_word' id='word_1_204' title='bbox 1326 2688 1527 2758; x_wconf 90' lang='lat' dir='ltr'>dominare.</span> <span class='ocrx_word' id='word_1_205' title='bbox 1596 2687 1699 2781; x_wconf 85' lang='lat' dir='ltr'>Quae</span> <span class='ocrx_word' id='word_1_206' title='bbox 1728 2689 1852 2758; x_wconf 85' lang='lat' dir='ltr'>feceris</span> <span class='ocrx_word' id='word_1_207' title='bbox 1879 2693 2107 2780; x_wconf 92' lang='lat' dir='ltr'>parentibus,</span> <span class='ocrx_word' id='word_1_208' title='bbox 2147 2700 2314 2771; x_wconf 87' lang='lat' dir='ltr'>eadema</span> 
     </span>
     <span class='ocr_line' id='line_1_21' title="bbox 284 2788 2318 2886; baseline 0.003 -23"><span class='ocrx_word' id='word_1_209' title='bbox 284 2795 429 2865; x_wconf 89' lang='lat' dir='ltr'>dideris.</span> <span class='ocrx_word' id='word_1_210' title='bbox 482 2796 536 2863; x_wconf 84' lang='lat' dir='ltr'>Te</span> <span class='ocrx_word' id='word_1_211' title='bbox 554 2796 670 2885; x_wconf 88' lang='lat' dir='ltr'>ipsum</span> <span class='ocrx_word' id='word_1_212' title='bbox 687 2820 733 2864; x_wconf 92' lang='lat' dir='ltr'>ne</span> <span class='ocrx_word' id='word_1_213' title='bbox 748 2796 918 2886; x_wconf 77' lang='lat' dir='ltr'>negligas.</span> <span class='ocrx_word' id='word_1_214' title='bbox 970 2793 1156 2864; x_wconf 89' lang='lat' dir='ltr'>Seniorem</span> <span class='ocrx_word' id='word_1_215' title='bbox 1175 2816 1276 2862; x_wconf 84' lang='lat' dir='ltr'>neve·</span> <span class='ocrx_word' id='word_1_216' title='bbox 1326 2790 1447 2862; x_wconf 92' lang='lat' dir='ltr'>liberis</span> <span class='ocrx_word' id='word_1_217' title='bbox 1463 2802 1620 2882; x_wconf 85' lang='lat' dir='ltr'>expecta.</span> <span class='ocrx_word' id='word_1_218' title='bbox 1659 2788 1867 2861; x_wconf 87' lang='lat' dir='ltr'>Desidiosus</span> <span class='ocrx_word' id='word_1_219' title='bbox 1881 2814 1926 2861; x_wconf 91' lang='lat' dir='ltr'>ne</span> <span class='ocrx_word' id='word_1_220' title='bbox 1942 2805 2029 2866; x_wconf 91' lang='lat' dir='ltr'>esto.</span> <span class='ocrx_word' id='word_1_221' title='bbox 2069 2792 2167 2867; x_wconf 91' lang='lat' dir='ltr'>lnter</span> <span class='ocrx_word' id='word_1_222' title='bbox 2183 2803 2318 2879; x_wconf 80' lang='lat' dir='ltr'>amicos</span> 
     </span>
     <span class='ocr_line' id='line_1_22' title="bbox 284 2890 2318 2992; baseline 0.005 -27"><span class='ocrx_word' id='word_1_223' title='bbox 284 2921 376 2966; x_wconf 90' lang='lat' dir='ltr'>rere.</span> <span class='ocrx_word' id='word_1_224' title='bbox 429 2896 584 2966; x_wconf 90' lang='lat' dir='ltr'>Mortem</span> <span class='ocrx_word' id='word_1_225' title='bbox 604 2910 732 2987; x_wconf 93' lang='lat' dir='ltr'>oppete</span> <span class='ocrx_word' id='word_1_226' title='bbox 748 2921 815 2987; x_wconf 93' lang='lat' dir='ltr'>pro</span> <span class='ocrx_word' id='word_1_227' title='bbox 837 2899 967 2986; x_wconf 88' lang='lat' dir='ltr'>patria.</span> <span class='ocrx_word' id='word_1_228' title='bbox 1018 2895 1072 2966; x_wconf 91' lang='lat' dir='ltr'>Ne</span> <span class='ocrx_word' id='word_1_229' title='bbox 1088 2896 1215 2988; x_wconf 86' lang='lat' dir='ltr'>quavis</span> <span class='ocrx_word' id='word_1_230' title='bbox 1231 2898 1275 2964; x_wconf 94' lang='lat' dir='ltr'>de</span> <span class='ocrx_word' id='word_1_231' title='bbox 1327 2910 1372 2963; x_wconf 80' lang='lat' dir='ltr'>n&#39;e</span> <span class='ocrx_word' id='word_1_232' title='bbox 1395 2890 1505 2963; x_wconf 79' lang='lat' dir='ltr'>fueris</span> <span class='ocrx_word' id='word_1_233' title='bbox 1528 2893 1646 2962; x_wconf 82' lang='lat' dir='ltr'>iudex.</span> <span class='ocrx_word' id='word_1_234' title='bbox 1706 2891 1759 2964; x_wconf 86' lang='lat' dir='ltr'>Ne</span> <span class='ocrx_word' id='word_1_235' title='bbox 1788 2897 1965 2967; x_wconf 83' lang='lat' dir='ltr'>contende</span> <span class='ocrx_word' id='word_1_236' title='bbox 1989 2920 2068 2966; x_wconf 90' lang='lat' dir='ltr'>cum</span> <span class='ocrx_word' id='word_1_237' title='bbox 2097 2904 2318 2992; x_wconf 87' lang='lat' dir='ltr'>parentibus,</span> 
     </span>
     <span class='ocr_line' id='line_1_23' title="bbox 284 2990 2316 3098; baseline 0.002 -31"><span class='ocrx_word' id='word_1_238' title='bbox 284 2999 479 3068; x_wconf 92' lang='lat' dir='ltr'>redoleas.</span> <span class='ocrx_word' id='word_1_239' title='bbox 532 2997 585 3067; x_wconf 86' lang='lat' dir='ltr'>Ex</span> <span class='ocrx_word' id='word_1_240' title='bbox 615 2997 779 3090; x_wconf 81' lang='lat' dir='ltr'>ingenuis</span> <span class='ocrx_word' id='word_1_241' title='bbox 806 2994 939 3067; x_wconf 92' lang='lat' dir='ltr'>liberos</span> <span class='ocrx_word' id='word_1_242' title='bbox 969 3021 1063 3068; x_wconf 90' lang='lat' dir='ltr'>crea.</span> <span class='ocrx_word' id='word_1_243' title='bbox 1123 2997 1274 3088; x_wconf 90' lang='lat' dir='ltr'>Sperato</span> <span class='ocrx_word' id='word_1_244' title='bbox 1327 2996 1435 3065; x_wconf 89' lang='lat' dir='ltr'>etiam</span> <span class='ocrx_word' id='word_1_245' title='bbox 1452 2997 1482 3066; x_wconf 93' lang='lat' dir='ltr'>si</span> <span class='ocrx_word' id='word_1_246' title='bbox 1497 2995 1588 3066; x_wconf 85' lang='lat' dir='ltr'>iusta</span> <span class='ocrx_word' id='word_1_247' title='bbox 1606 2994 1748 3067; x_wconf 82' lang='lat' dir='ltr'>dixeris.</span> <span class='ocrx_word' id='word_1_248' title='bbox 1786 2996 1840 3066; x_wconf 93' lang='lat' dir='ltr'>Ne</span> <span class='ocrx_word' id='word_1_249' title='bbox 1855 3019 1956 3087; x_wconf 77' lang='lat' dir='ltr'>geras</span> <span class='ocrx_word' id='word_1_250' title='bbox 1970 2990 2175 3091; x_wconf 87' lang='lat' dir='ltr'>imperium,</span> <span class='ocrx_word' id='word_1_251' title='bbox 2201 3007 2316 3098; x_wconf 75' lang='lat' dir='ltr'>prius-</span> 
     </span>
     <span class='ocr_line' id='line_1_24' title="bbox 284 3094 2317 3195; baseline 0.005 -24"><span class='ocrx_word' id='word_1_252' title='bbox 284 3115 456 3195; x_wconf 83' lang='lat' dir='ltr'>tanquam</span> <span class='ocrx_word' id='word_1_253' title='bbox 472 3100 647 3171; x_wconf 88' lang='lat' dir='ltr'>mortalis.</span> <span class='ocrx_word' id='word_1_254' title='bbox 697 3100 1029 3194; x_wconf 87' lang='lat' dir='ltr'>Parcitotanquam</span> <span class='ocrx_word' id='word_1_255' title='bbox 1048 3099 1275 3170; x_wconf 84' lang='lat' dir='ltr'>immortalis.</span> <span class='ocrx_word' id='word_1_256' title='bbox 1326 3112 1436 3191; x_wconf 79' lang='lat' dir='ltr'>quam</span> <span class='ocrx_word' id='word_1_257' title='bbox 1449 3121 1576 3190; x_wconf 91' lang='lat' dir='ltr'>parere</span> <span class='ocrx_word' id='word_1_258' title='bbox 1592 3095 1770 3169; x_wconf 89' lang='lat' dir='ltr'>didiceris.</span> <span class='ocrx_word' id='word_1_259' title='bbox 1810 3094 2075 3172; x_wconf 87' lang='lat' dir='ltr'>lnfortunatum</span> <span class='ocrx_word' id='word_1_260' title='bbox 2092 3128 2137 3174; x_wconf 93' lang='lat' dir='ltr'>ne</span> <span class='ocrx_word' id='word_1_261' title='bbox 2152 3107 2317 3185; x_wconf 85' lang='lat' dir='ltr'>irriseris.</span> 
     </span>
     <span class='ocr_line' id='line_1_25' title="bbox 282 3196 2316 3298; baseline 0.006 -24"><span class='ocrx_word' id='word_1_262' title='bbox 282 3203 337 3274; x_wconf 86' lang='lat' dir='ltr'>Ne</span> <span class='ocrx_word' id='word_1_263' title='bbox 356 3204 516 3273; x_wconf 86' lang='lat' dir='ltr'>effereris</span> <span class='ocrx_word' id='word_1_264' title='bbox 541 3202 668 3294; x_wconf 78' lang='lat' dir='ltr'>gloria.</span> <span class='ocrx_word' id='word_1_265' title='bbox 726 3204 909 3274; x_wconf 78' lang='lat' dir='ltr'>Arcanum</span> <span class='ocrx_word' id='word_1_266' title='bbox 933 3204 1019 3273; x_wconf 86' lang='lat' dir='ltr'>cela.</span> <span class='ocrx_word' id='word_1_267' title='bbox 1079 3201 1173 3273; x_wconf 88' lang='lat' dir='ltr'>Cede</span> <span class='ocrx_word' id='word_1_268' title='bbox 1198 3224 1275 3271; x_wconf 62' lang='lat' dir='ltr'>maa</span> <span class='ocrx_word' id='word_1_269' title='bbox 1325 3198 1379 3272; x_wconf 89' lang='lat' dir='ltr'>Ne</span> <span class='ocrx_word' id='word_1_270' title='bbox 1403 3196 1525 3292; x_wconf 80' lang='lat' dir='ltr'>lingua</span> <span class='ocrx_word' id='word_1_271' title='bbox 1550 3213 1764 3292; x_wconf 91' lang='lat' dir='ltr'>praecurrat</span> <span class='ocrx_word' id='word_1_272' title='bbox 1778 3202 1957 3274; x_wconf 84' lang='lat' dir='ltr'>mentem.</span> <span class='ocrx_word' id='word_1_273' title='bbox 2010 3202 2111 3298; x_wconf 87' lang='lat' dir='ltr'>Quae</span> <span class='ocrx_word' id='word_1_274' title='bbox 2140 3209 2216 3280; x_wconf 87' lang='lat' dir='ltr'>lieri</span> <span class='ocrx_word' id='word_1_275' title='bbox 2242 3236 2316 3286; x_wconf 91' lang='lat' dir='ltr'>non</span> 
     </span>
     <span class='ocr_line' id='line_1_26' title="bbox 284 3298 2316 3412; baseline 0.007 -39"><span class='ocrx_word' id='word_1_276' title='bbox 284 3298 375 3399; x_wconf 78' lang='lat' dir='ltr'>gnis.</span> <span class='ocrx_word' id='word_1_277' title='bbox 425 3304 747 3398; x_wconf 87' lang='lat' dir='ltr'>Opportunitatem</span> <span class='ocrx_word' id='word_1_278' title='bbox 770 3317 968 3398; x_wconf 83' lang='lat' dir='ltr'>expectato.</span> <span class='ocrx_word' id='word_1_279' title='bbox 1020 3303 1190 3376; x_wconf 87' lang='lat' dir='ltr'>Mortalia</span> <span class='ocrx_word' id='word_1_280' title='bbox 1216 3329 1275 3376; x_wconf 86' lang='lat' dir='ltr'>co·</span> <span class='ocrx_word' id='word_1_281' title='bbox 1326 3317 1497 3397; x_wconf 72' lang='lat' dir='ltr'>possunt,</span> <span class='ocrx_word' id='word_1_282' title='bbox 1524 3327 1609 3373; x_wconf 87' lang='lat' dir='ltr'>cave</span> <span class='ocrx_word' id='word_1_283' title='bbox 1626 3303 1867 3397; x_wconf 89' lang='lat' dir='ltr'>concupiscas.</span> <span class='ocrx_word' id='word_1_284' title='bbox 1921 3304 1975 3378; x_wconf 91' lang='lat' dir='ltr'>Ne</span> <span class='ocrx_word' id='word_1_285' title='bbox 2000 3309 2178 3383; x_wconf 86' lang='lat' dir='ltr'>festinaris</span> <span class='ocrx_word' id='word_1_286' title='bbox 2204 3315 2316 3412; x_wconf 90' lang='lat' dir='ltr'>loqui.</span> 
     </span>
     <span class='ocr_line' id='line_1_27' title="bbox 283 3404 2316 3507; baseline 0.005 -30"><span class='ocrx_word' id='word_1_287' title='bbox 283 3409 367 3500; x_wconf 78' lang='lat' dir='ltr'>gita.</span> <span class='ocrx_word' id='word_1_288' title='bbox 418 3408 568 3502; x_wconf 69' lang='lat' dir='ltr'>Largire</span> <span class='ocrx_word' id='word_1_289' title='bbox 584 3433 665 3480; x_wconf 88' lang='lat' dir='ltr'>cum</span> <span class='ocrx_word' id='word_1_290' title='bbox 687 3408 851 3479; x_wconf 83' lang='lat' dir='ltr'>utilitate.</span> <span class='ocrx_word' id='word_1_291' title='bbox 900 3408 955 3479; x_wconf 86' lang='lat' dir='ltr'>Ne</span> <span class='ocrx_word' id='word_1_292' title='bbox 978 3408 1080 3500; x_wconf 91' lang='lat' dir='ltr'>prior</span> <span class='ocrx_word' id='word_1_293' title='bbox 1102 3407 1273 3479; x_wconf 83' lang='lat' dir='ltr'>iniuriam</span> <span class='ocrx_word' id='word_1_294' title='bbox 1324 3404 1480 3500; x_wconf 75' lang='lat' dir='ltr'>Legibus</span> <span class='ocrx_word' id='word_1_295' title='bbox 1497 3431 1597 3498; x_wconf 87' lang='lat' dir='ltr'>pore.</span> <span class='ocrx_word' id='word_1_296' title='bbox 1649 3406 1765 3478; x_wconf 83' lang='lat' dir='ltr'>Nosce</span> <span class='ocrx_word' id='word_1_297' title='bbox 1782 3420 1819 3477; x_wconf 92' lang='lat' dir='ltr'>te</span> <span class='ocrx_word' id='word_1_298' title='bbox 1835 3407 1965 3500; x_wconf 83' lang='lat' dir='ltr'>ipsum.</span> <span class='ocrx_word' id='word_1_299' title='bbox 2016 3410 2071 3481; x_wconf 87' lang='lat' dir='ltr'>Ne</span> <span class='ocrx_word' id='word_1_300' title='bbox 2090 3416 2177 3507; x_wconf 87' lang='lat' dir='ltr'>quid</span> <span class='ocrx_word' id='word_1_301' title='bbox 2197 3420 2316 3495; x_wconf 84' lang='lat' dir='ltr'>nimis.</span> 
     </span>
     <span class='ocr_line' id='line_1_28' title="bbox 282 3506 2315 3603; baseline 0.008 -24"><span class='ocrx_word' id='word_1_302' title='bbox 282 3512 405 3583; x_wconf 80' lang='lat' dir='ltr'>iacies.</span> <span class='ocrx_word' id='word_1_303' title='bbox 435 3510 609 3583; x_wconf 88' lang='lat' dir='ltr'>Dolorem</span> <span class='ocrx_word' id='word_1_304' title='bbox 625 3513 720 3603; x_wconf 80' lang='lat' dir='ltr'>luge.</span> <span class='ocrx_word' id='word_1_305' title='bbox 752 3511 938 3582; x_wconf 87' lang='lat' dir='ltr'>Mortuum</span> <span class='ocrx_word' id='word_1_306' title='bbox 954 3534 1001 3580; x_wconf 91' lang='lat' dir='ltr'>ne</span> <span class='ocrx_word' id='word_1_307' title='bbox 1019 3510 1148 3582; x_wconf 93' lang='lat' dir='ltr'>rideto.</span> <span class='ocrx_word' id='word_1_308' title='bbox 1174 3512 1274 3580; x_wconf 75' lang='lat' dir='ltr'>emi-</span> <span class='ocrx_word' id='word_1_309' title='bbox 1324 3506 1419 3579; x_wconf 81' lang='lat' dir='ltr'>Ante</span> <span class='ocrx_word' id='word_1_310' title='bbox 1435 3509 1559 3580; x_wconf 90' lang='lat' dir='ltr'>omnia</span> <span class='ocrx_word' id='word_1_311' title='bbox 1578 3532 1750 3579; x_wconf 88' lang='lat' dir='ltr'>venerare</span> <span class='ocrx_word' id='word_1_312' title='bbox 1765 3533 1912 3580; x_wconf 89' lang='lat' dir='ltr'>numen.</span> <span class='ocrx_word' id='word_1_313' title='bbox 1953 3511 2125 3587; x_wconf 82' lang='lat' dir='ltr'>Parentes</span> <span class='ocrx_word' id='word_1_314' title='bbox 2139 3542 2315 3596; x_wconf 87' lang='lat' dir='ltr'>reverere.</span> 
     </span>
     <span class='ocr_line' id='line_1_29' title="bbox 284 3610 2316 3705; baseline 0.005 -22"><span class='ocrx_word' id='word_1_315' title='bbox 284 3614 333 3686; x_wconf 91' lang='lat' dir='ltr'>cis</span> <span class='ocrx_word' id='word_1_316' title='bbox 347 3628 460 3685; x_wconf 90' lang='lat' dir='ltr'>utere.</span> <span class='ocrx_word' id='word_1_317' title='bbox 512 3614 668 3686; x_wconf 87' lang='lat' dir='ltr'>Consule</span> <span class='ocrx_word' id='word_1_318' title='bbox 684 3614 876 3705; x_wconf 89' lang='lat' dir='ltr'>inculpate.</span> <span class='ocrx_word' id='word_1_319' title='bbox 926 3612 1073 3683; x_wconf 80' lang='lat' dir='ltr'>Delecte</span> <span class='ocrx_word' id='word_1_320' title='bbox 1088 3614 1234 3686; x_wconf 88' lang='lat' dir='ltr'>amieos.</span> <span class='ocrx_word' id='word_1_321' title='bbox 1325 3611 1460 3683; x_wconf 81' lang='lat' dir='ltr'>Audito</span> <span class='ocrx_word' id='word_1_322' title='bbox 1485 3612 1649 3682; x_wconf 90' lang='lat' dir='ltr'>libenter.</span> <span class='ocrx_word' id='word_1_323' title='bbox 1706 3610 1937 3704; x_wconf 87' lang='lat' dir='ltr'>Voluptatem</span> <span class='ocrx_word' id='word_1_324' title='bbox 1964 3632 2098 3687; x_wconf 82' lang='lat' dir='ltr'>coerce.</span> <span class='ocrx_word' id='word_1_325' title='bbox 2160 3617 2316 3698; x_wconf 86' lang='lat' dir='ltr'>lnimiei·</span> 
     </span>
     <span class='ocr_line' id='line_1_30' title="bbox 1325 3714 2316 3815; baseline 0.01 -33"><span class='ocrx_word' id='word_1_326' title='bbox 1325 3716 1414 3785; x_wconf 83' lang='lat' dir='ltr'>tiam</span> <span class='ocrx_word' id='word_1_327' title='bbox 1438 3716 1548 3788; x_wconf 86' lang='lat' dir='ltr'>solve.</span> <span class='ocrx_word' id='word_1_328' title='bbox 1583 3714 1760 3786; x_wconf 83' lang='lat' dir='ltr'>Uxorem</span> <span class='ocrx_word' id='word_1_329' title='bbox 1787 3714 1907 3786; x_wconf 91' lang='lat' dir='ltr'>ducito</span> <span class='ocrx_word' id='word_1_330' title='bbox 1934 3740 1977 3788; x_wconf 89' lang='lat' dir='ltr'>ex</span> <span class='ocrx_word' id='word_1_331' title='bbox 1997 3719 2223 3813; x_wconf 77' lang='lat' dir='ltr'>aequalibus,</span> <span class='ocrx_word' id='word_1_332' title='bbox 2257 3751 2316 3815; x_wconf 75' lang='lat' dir='ltr'>ne,</span> 
     </span>
    </p>
   </div>
   <div class='ocr_carea' id='block_1_5' title="bbox 335 3783 2316 3993">
    <p class='ocr_par' dir='ltr' id='par_1_6' title="bbox 335 3783 2316 3993">
     <span class='ocr_line' id='line_1_31' title="bbox 335 3783 2316 3993; baseline 0.018 -36"><span class='ocrx_word' id='word_1_333' title='bbox 335 3783 747 3986; x_wconf 52' lang='lat' dir='ltr'>[plltl‘flltssl</span> <span class='ocrx_word' id='word_1_334' title='bbox 756 3786 1221 3986; x_wconf 52' lang='lat' dir='ltr'>ldlssifdlio‘illia</span> <span class='ocrx_word' id='word_1_335' title='bbox 1325 3819 1621 3993; x_wconf 50' lang='lat' dir='ltr'>mma..</span> <span class='ocrx_word' id='word_1_336' title='bbox 1640 3818 1803 3903; x_wconf 70' lang='lat'>‘¹¹¹¹‘¹&#39;¹⁵’</span> <span class='ocrx_word' id='word_1_337' title='bbox 1828 3820 1997 3893; x_wconf 68' lang='lat'>⁶⁰³¹¹¹¹⁰⁸</span> <span class='ocrx_word' id='word_1_338' title='bbox 2012 3821 2078 3893; x_wconf 69' lang='lat' dir='ltr'>aa</span> <span class='ocrx_word' id='word_1_339' title='bbox 2092 3847 2218 3916; x_wconf 48' lang='grc' dir='ltr'>Μ’</span> <span class='ocrx_word' id='word_1_340' title='bbox 2241 3853 2316 3908; x_wconf 77' lang='lat'>¹³⁰¹</span> 
     </span>
    </p>
   </div>
   <div class='ocr_carea' id='block_1_6' title="bbox 586 3983 972 4060">
    <p class='ocr_par' dir='ltr' id='par_1_7' title="bbox 586 3983 972 4060">
     <span class='ocr_line' id='line_1_32' title="bbox 586 3983 972 4060; baseline 0.003 -1"><span class='ocrx_word' id='word_1_341' title='bbox 586 3990 745 4059; x_wconf 88' lang='lat' dir='ltr'>carmine</span> <span class='ocrx_word' id='word_1_342' title='bbox 765 3983 972 4060; x_wconf 86' lang='lat' dir='ltr'>Phalaecio.</span> 
     </span>
    </p>
   </div>
   <div class='ocr_carea' id='block_1_7' title="bbox 1581 2118 2064 2237">
    <p class='ocr_par' dir='ltr' id='par_1_8' title="bbox 1581 2118 2064 2237">
     <span class='ocr_line' id='line_1_33' title="bbox 1581 2118 2064 2237; baseline 0.014 -25"><span class='ocrx_word' id='word_1_343' title='bbox 1581 2118 1757 2212; x_wconf 63' lang='lat' dir='ltr'>ruem</span> <span class='ocrx_word' id='word_1_344' title='bbox 1782 2142 2064 2237; x_wconf 71' lang='lat' dir='ltr'>Mitylenaei.</span> 
     </span>
    </p>
   </div>
   <div class='ocr_carea' id='block_1_8' title="bbox 1250 4026 2290 4249">
    <p class='ocr_par' dir='ltr' id='par_1_9' title="bbox 1250 4026 2290 4249">
     <span class='ocr_line' id='line_1_34' title="bbox 1250 4026 2290 4249; baseline 0.008 -85"><span class='ocrx_word' id='word_1_345' title='bbox 1250 4159 1252 4164; x_wconf 89' lang='lat'>.</span> <span class='ocrx_word' id='word_1_346' title='bbox 1296 4026 1323 4249; x_wconf 53' lang='grc' dir='ltr'>ἰ</span> <span class='ocrx_word' id='word_1_347' title='bbox 1351 4092 1560 4162; x_wconf 85' lang='lat' dir='ltr'>Eiusdem</span> <span class='ocrx_word' id='word_1_348' title='bbox 1587 4115 1639 4161; x_wconf 86' lang='lat' dir='ltr'>ex</span> <span class='ocrx_word' id='word_1_349' title='bbox 1664 4092 1868 4163; x_wconf 82' lang='lat' dir='ltr'>Ausonio</span> <span class='ocrx_word' id='word_1_350' title='bbox 1896 4089 2290 4202; x_wconf 73' lang='lat' dir='ltr'>[p.118.Ed.sc21.],</span> 
     </span>
    </p>
   </div>
   <div class='ocr_carea' id='block_1_9' title="bbox 1448 4192 2092 4269">
    <p class='ocr_par' dir='ltr' id='par_1_10' title="bbox 1448 4192 2092 4269">
     <span class='ocr_line' id='line_1_35' title="bbox 1448 4192 2092 4269; baseline 0.014 -9"><span class='ocrx_word' id='word_1_351' title='bbox 1448 4215 1452 4220; x_wconf 89' lang='lat'>·</span> <span class='ocrx_word' id='word_1_352' title='bbox 1551 4194 1711 4263; x_wconf 88' lang='lat' dir='ltr'>carmine</span> <span class='ocrx_word' id='word_1_353' title='bbox 1736 4192 1893 4265; x_wconf 87' lang='lat' dir='ltr'>lambico</span> <span class='ocrx_word' id='word_1_354' title='bbox 1916 4195 2092 4269; x_wconf 83' lang='lat' dir='ltr'>trimetro.</span> 
     </span>
    </p>
   </div>
   <div class='ocr_carea' id='block_1_10' title="bbox 282 4125 2135 5041">
    <p class='ocr_par' dir='ltr' id='par_1_11' title="bbox 282 4125 2135 4628">
     <span class='ocr_line' id='line_1_36' title="bbox 284 4125 970 4222; baseline -0.003 -23"><span class='ocrx_word' id='word_1_355' title='bbox 284 4125 479 4222; x_wconf 80' lang='lat' dir='ltr'>Nunquam</span> <span class='ocrx_word' id='word_1_356' title='bbox 494 4126 672 4218; x_wconf 89' lang='lat' dir='ltr'>discrepat</span> <span class='ocrx_word' id='word_1_357' title='bbox 687 4126 773 4196; x_wconf 91' lang='lat' dir='ltr'>utile</span> <span class='ocrx_word' id='word_1_358' title='bbox 791 4150 811 4193; x_wconf 93' lang='lat' dir='ltr'>a</span> <span class='ocrx_word' id='word_1_359' title='bbox 826 4126 970 4197; x_wconf 90' lang='lat' dir='ltr'>decoro.</span> 
     </span>
     <span class='ocr_line' id='line_1_37' title="bbox 284 4228 943 4319; baseline 0 -20"><span class='ocrx_word' id='word_1_360' title='bbox 284 4228 370 4301; x_wconf 86' lang='lat' dir='ltr'>Plus</span> <span class='ocrx_word' id='word_1_361' title='bbox 384 4241 437 4300; x_wconf 87' lang='lat' dir='ltr'>est</span> <span class='ocrx_word' id='word_1_362' title='bbox 450 4229 623 4300; x_wconf 87' lang='lat' dir='ltr'>sollicitus</span> <span class='ocrx_word' id='word_1_363' title='bbox 642 4228 755 4319; x_wconf 75' lang='lat' dir='ltr'>magis</span> <span class='ocrx_word' id='word_1_364' title='bbox 770 4229 906 4299; x_wconf 84' lang='lat' dir='ltr'>beatus.</span> <span class='ocrx_word' id='word_1_365' title='bbox 937 4234 943 4242; x_wconf 81' lang='grc'><strong>’</strong></span> 
     </span>
     <span class='ocr_line' id='line_1_38' title="bbox 286 4330 2044 4426; baseline 0.003 -26"><span class='ocrx_word' id='word_1_366' title='bbox 286 4331 441 4402; x_wconf 83' lang='lat' dir='ltr'>Mortem</span> <span class='ocrx_word' id='word_1_367' title='bbox 458 4345 583 4422; x_wconf 91' lang='lat' dir='ltr'>optare</span> <span class='ocrx_word' id='word_1_368' title='bbox 596 4333 752 4413; x_wconf 84' lang='lat' dir='ltr'>malurn,</span> <span class='ocrx_word' id='word_1_369' title='bbox 777 4331 904 4399; x_wconf 87' lang='lat' dir='ltr'>timere</span> <span class='ocrx_word' id='word_1_370' title='bbox 920 4331 1032 4422; x_wconf 89' lang='lat' dir='ltr'>peius.</span> <span class='ocrx_word' id='word_1_371' title='bbox 1324 4330 1445 4426; x_wconf 90' lang='lat' dir='ltr'>Loqui</span> <span class='ocrx_word' id='word_1_372' title='bbox 1463 4331 1664 4422; x_wconf 80' lang='lat' dir='ltr'>ignorabit,</span> <span class='ocrx_word' id='word_1_373' title='bbox 1691 4332 1753 4424; x_wconf 91' lang='lat' dir='ltr'>qui</span> <span class='ocrx_word' id='word_1_374' title='bbox 1769 4343 1887 4400; x_wconf 86' lang='lat' dir='ltr'>tacere</span> <span class='ocrx_word' id='word_1_375' title='bbox 1900 4332 2044 4405; x_wconf 85' lang='lat' dir='ltr'>nesciet.</span> 
     </span>
     <span class='ocr_line' id='line_1_39' title="bbox 283 4432 2135 4527; baseline 0.003 -22"><span class='ocrx_word' id='word_1_376' title='bbox 283 4432 410 4517; x_wconf 77' lang='lat' dir='ltr'>Faxis,</span> <span class='ocrx_word' id='word_1_377' title='bbox 444 4447 484 4504; x_wconf 94' lang='lat' dir='ltr'>ut</span> <span class='ocrx_word' id='word_1_378' title='bbox 497 4436 625 4517; x_wconf 86' lang='lat' dir='ltr'>libeat,</span> <span class='ocrx_word' id='word_1_379' title='bbox 651 4435 748 4527; x_wconf 88' lang='lat' dir='ltr'>quod</span> <span class='ocrx_word' id='word_1_380' title='bbox 765 4446 818 4503; x_wconf 92' lang='lat' dir='ltr'>est</span> <span class='ocrx_word' id='word_1_381' title='bbox 831 4456 983 4504; x_wconf 88' lang='lat' dir='ltr'>necesse.</span> <span class='ocrx_word' id='word_1_382' title='bbox 1325 4433 1432 4506; x_wconf 85' lang='lat' dir='ltr'>Bono</span> <span class='ocrx_word' id='word_1_383' title='bbox 1449 4434 1595 4524; x_wconf 91' lang='lat' dir='ltr'>probari</span> <span class='ocrx_word' id='word_1_384' title='bbox 1611 4433 1730 4517; x_wconf 88' lang='lat' dir='ltr'>malo,</span> <span class='ocrx_word' id='word_1_385' title='bbox 1756 4458 1864 4527; x_wconf 83' lang='lat' dir='ltr'>quern</span> <span class='ocrx_word' id='word_1_386' title='bbox 1881 4435 2002 4507; x_wconf 85' lang='lat' dir='ltr'>multis</span> <span class='ocrx_word' id='word_1_387' title='bbox 2021 4437 2135 4510; x_wconf 85' lang='lat' dir='ltr'>molis.</span> 
     </span>
     <span class='ocr_line' id='line_1_40' title="bbox 282 4535 2026 4628; baseline 0.002 -22"><span class='ocrx_word' id='word_1_388' title='bbox 282 4535 410 4610; x_wconf 78' lang='lat' dir='ltr'>Multis</span> <span class='ocrx_word' id='word_1_389' title='bbox 427 4536 616 4618; x_wconf 87' lang='lat' dir='ltr'>terribilis,</span> <span class='ocrx_word' id='word_1_390' title='bbox 643 4548 766 4606; x_wconf 90' lang='lat' dir='ltr'>caveto</span> <span class='ocrx_word' id='word_1_391' title='bbox 783 4535 926 4606; x_wconf 89' lang='lat' dir='ltr'>multos.</span> <span class='ocrx_word' id='word_1_392' title='bbox 1326 4536 1485 4608; x_wconf 86' lang='lat' dir='ltr'>Demens</span> <span class='ocrx_word' id='word_1_393' title='bbox 1500 4536 1665 4628; x_wconf 90' lang='lat' dir='ltr'>superbis</span> <span class='ocrx_word' id='word_1_394' title='bbox 1678 4536 1815 4607; x_wconf 91' lang='lat' dir='ltr'>invidet</span> <span class='ocrx_word' id='word_1_395' title='bbox 1830 4537 2026 4610; x_wconf 85' lang='lat' dir='ltr'>foelicibus.</span> 
     </span>
    </p>

    <p class='ocr_par' dir='ltr' id='par_1_12' title="bbox 284 4636 2023 4721">
     <span class='ocr_line' id='line_1_41' title="bbox 284 4636 2023 4721; baseline 0 -10"><span class='ocrx_word' id='word_1_396' title='bbox 284 4638 323 4711; x_wconf 88' lang='lat' dir='ltr'>Si</span> <span class='ocrx_word' id='word_1_397' title='bbox 338 4640 484 4710; x_wconf 77' lang='lat' dir='ltr'>fortuna</span> <span class='ocrx_word' id='word_1_398' title='bbox 502 4640 622 4721; x_wconf 90' lang='lat' dir='ltr'>iuvat,</span> <span class='ocrx_word' id='word_1_399' title='bbox 649 4651 774 4708; x_wconf 90' lang='lat' dir='ltr'>caveto</span> <span class='ocrx_word' id='word_1_400' title='bbox 793 4638 882 4708; x_wconf 91' lang='lat' dir='ltr'>tolli.</span> <span class='ocrx_word' id='word_1_401' title='bbox 1325 4638 1486 4711; x_wconf 84' lang='lat' dir='ltr'>Demens</span> <span class='ocrx_word' id='word_1_402' title='bbox 1501 4640 1663 4709; x_wconf 88' lang='lat' dir='ltr'>dolorem</span> <span class='ocrx_word' id='word_1_403' title='bbox 1681 4639 1776 4709; x_wconf 90' lang='lat' dir='ltr'>ridet</span> <span class='ocrx_word' id='word_1_404' title='bbox 1791 4636 2023 4712; x_wconf 83' lang='lat' dir='ltr'>inloelieium.</span> 
     </span>
    </p>

    <p class='ocr_par' dir='ltr' id='par_1_13' title="bbox 284 4740 2069 5041">
     <span class='ocr_line' id='line_1_42' title="bbox 284 4740 2062 4835; baseline 0.001 -21"><span class='ocrx_word' id='word_1_405' title='bbox 284 4741 322 4814; x_wconf 83' lang='lat' dir='ltr'>si</span> <span class='ocrx_word' id='word_1_406' title='bbox 337 4743 484 4813; x_wconf 77' lang='lat' dir='ltr'>lectona</span> <span class='ocrx_word' id='word_1_407' title='bbox 500 4755 623 4825; x_wconf 91' lang='lat' dir='ltr'>tonat,</span> <span class='ocrx_word' id='word_1_408' title='bbox 648 4754 774 4811; x_wconf 90' lang='lat' dir='ltr'>caveto</span> <span class='ocrx_word' id='word_1_409' title='bbox 789 4740 915 4832; x_wconf 77' lang='lat' dir='ltr'>mergi.</span> <span class='ocrx_word' id='word_1_410' title='bbox 1039 4798 1041 4801; x_wconf 95' lang='lat'>.</span> <span class='ocrx_word' id='word_1_411' title='bbox 1327 4743 1460 4813; x_wconf 88' lang='lat' dir='ltr'>Pareto</span> <span class='ocrx_word' id='word_1_412' title='bbox 1475 4742 1564 4833; x_wconf 72' lang='lat' dir='ltr'>legi,</span> <span class='ocrx_word' id='word_1_413' title='bbox 1588 4742 1749 4835; x_wconf 86' lang='lat' dir='ltr'>quisquis</span> <span class='ocrx_word' id='word_1_414' title='bbox 1762 4743 1873 4834; x_wconf 71' lang='lat' dir='ltr'>legem</span> <span class='ocrx_word' id='word_1_415' title='bbox 1890 4742 2062 4815; x_wconf 86' lang='lat' dir='ltr'>sanxeris.</span> 
     </span>
     <span class='ocr_line' id='line_1_43' title="bbox 1327 4844 2058 4937; baseline 0.004 -23"><span class='ocrx_word' id='word_1_416' title='bbox 1327 4844 1468 4916; x_wconf 85' lang='lat' dir='ltr'>Plureis</span> <span class='ocrx_word' id='word_1_417' title='bbox 1485 4844 1618 4913; x_wconf 90' lang='lat' dir='ltr'>amicos</span> <span class='ocrx_word' id='word_1_418' title='bbox 1634 4848 1840 4915; x_wconf 79' lang='lat' dir='ltr'>reserunda</span> <span class='ocrx_word' id='word_1_419' title='bbox 1860 4870 2058 4937; x_wconf 82' lang='lat' dir='ltr'>compares.</span> 
     </span>
     <span class='ocr_line' id='line_1_44' title="bbox 1327 4945 2069 5041; baseline 0.004 -24"><span class='ocrx_word' id='word_1_420' title='bbox 1327 4947 1468 5018; x_wconf 90' lang='lat' dir='ltr'>Paucos</span> <span class='ocrx_word' id='word_1_421' title='bbox 1484 4945 1618 5017; x_wconf 87' lang='lat' dir='ltr'>amicos</span> <span class='ocrx_word' id='word_1_422' title='bbox 1634 4947 1740 5017; x_wconf 88' lang='lat' dir='ltr'>rebus</span> <span class='ocrx_word' id='word_1_423' title='bbox 1756 4948 1912 5019; x_wconf 91' lang='lat' dir='ltr'>adversis</span> <span class='ocrx_word' id='word_1_424' title='bbox 1927 4950 2069 5041; x_wconf 87' lang='lat' dir='ltr'>probes.</span> 
     </span>
    </p>
   </div>
   <div class='ocr_carea' id='block_1_11' title="bbox 1613 5113 2079 5190">
    <p class='ocr_par' dir='ltr' id='par_1_14' title="bbox 1613 5113 2079 5190">
     <span class='ocr_line' id='line_1_45' title="bbox 1613 5113 2079 5190; baseline -0.006 -4"><span class='ocrx_word' id='word_1_425' title='bbox 1613 5114 1826 5186; x_wconf 89' lang='lat' dir='ltr'>Cleobuli</span> <span class='ocrx_word' id='word_1_426' title='bbox 1856 5113 2027 5190; x_wconf 88' lang='lat' dir='ltr'>Lindii.</span> <span class='ocrx_word' id='word_1_427' title='bbox 2077 5180 2079 5183; x_wconf 79' lang='grc'>,</span> 
     </span>
    </p>
   </div>
   <div class='ocr_carea' id='block_1_12' title="bbox 662 4910 894 4982">
    <p class='ocr_par' dir='ltr' id='par_1_15' title="bbox 662 4910 894 4982">
     <span class='ocr_line' id='line_1_46' title="bbox 662 4910 894 4982; baseline 0.004 -1"><span class='ocrx_word' id='word_1_428' title='bbox 662 4910 894 4982; x_wconf 86' lang='lat' dir='ltr'>Biantis.</span> 
     </span>
    </p>
   </div>
   <div class='ocr_carea' id='block_1_13' title="bbox 281 5043 2318 5862">
    <p class='ocr_par' dir='ltr' id='par_1_16' title="bbox 281 5043 2318 5862">
     <span class='ocr_line' id='line_1_47' title="bbox 389 5043 1277 5139; baseline 0.003 -23"><span class='ocrx_word' id='word_1_429' title='bbox 389 5043 431 5116; x_wconf 87' lang='lat' dir='ltr'>ln</span> <span class='ocrx_word' id='word_1_430' title='bbox 446 5047 592 5139; x_wconf 86' lang='lat' dir='ltr'>speculo</span> <span class='ocrx_word' id='word_1_431' title='bbox 605 5060 641 5116; x_wconf 91' lang='lat' dir='ltr'>te</span> <span class='ocrx_word' id='word_1_432' title='bbox 664 5048 779 5139; x_wconf 89' lang='lat' dir='ltr'>ipsum</span> <span class='ocrx_word' id='word_1_433' title='bbox 807 5047 1069 5138; x_wconf 82' lang='lat' dir='ltr'>contemplere,</span> <span class='ocrx_word' id='word_1_434' title='bbox 1096 5062 1132 5118; x_wconf 92' lang='lat' dir='ltr'>et</span> <span class='ocrx_word' id='word_1_435' title='bbox 1153 5049 1183 5121; x_wconf 91' lang='lat' dir='ltr'>si</span> <span class='ocrx_word' id='word_1_436' title='bbox 1203 5050 1277 5119; x_wconf 85' lang='lat' dir='ltr'>for-</span> 
     </span>
     <span class='ocr_line' id='line_1_48' title="bbox 283 5148 1277 5244; baseline 0.002 -24"><span class='ocrx_word' id='word_1_437' title='bbox 283 5173 408 5226; x_wconf 83' lang='lat' dir='ltr'>mosos</span> <span class='ocrx_word' id='word_1_438' title='bbox 423 5148 627 5241; x_wconf 80' lang='lat' dir='ltr'>apparebis,</span> <span class='ocrx_word' id='word_1_439' title='bbox 653 5174 718 5241; x_wconf 78' lang='lat' dir='ltr'>age</span> <span class='ocrx_word' id='word_1_440' title='bbox 733 5174 827 5244; x_wconf 86' lang='lat' dir='ltr'>quae</span> <span class='ocrx_word' id='word_1_441' title='bbox 842 5148 993 5220; x_wconf 71' lang='lat' dir='ltr'>deceint</span> <span class='ocrx_word' id='word_1_442' title='bbox 1007 5151 1178 5224; x_wconf 82' lang='lat' dir='ltr'>formem.</span> <span class='ocrx_word' id='word_1_443' title='bbox 1211 5151 1277 5223; x_wconf 87' lang='lat' dir='ltr'>Sin</span> 
     </span>
     <span class='ocr_line' id='line_1_49' title="bbox 281 5250 2317 5352; baseline 0.003 -28"><span class='ocrx_word' id='word_1_444' title='bbox 281 5252 480 5335; x_wconf 77' lang='lat' dir='ltr'>deformis,</span> <span class='ocrx_word' id='word_1_445' title='bbox 520 5255 616 5345; x_wconf 87' lang='lat' dir='ltr'>quod</span> <span class='ocrx_word' id='word_1_446' title='bbox 641 5253 678 5320; x_wconf 92' lang='lat' dir='ltr'>in</span> <span class='ocrx_word' id='word_1_447' title='bbox 702 5253 792 5321; x_wconf 80' lang='lat' dir='ltr'>facie</span> <span class='ocrx_word' id='word_1_448' title='bbox 813 5253 932 5322; x_wconf 84' lang='lat' dir='ltr'>minus</span> <span class='ocrx_word' id='word_1_449' title='bbox 954 5263 1025 5335; x_wconf 90' lang='lat' dir='ltr'>est,</span> <span class='ocrx_word' id='word_1_450' title='bbox 1065 5253 1103 5322; x_wconf 92' lang='lat' dir='ltr'>id</span> <span class='ocrx_word' id='word_1_451' title='bbox 1131 5278 1274 5325; x_wconf 87' lang='lat' dir='ltr'>morum</span> <span class='ocrx_word' id='word_1_452' title='bbox 1431 5250 1486 5323; x_wconf 86' lang='lat' dir='ltr'>Ne</span> <span class='ocrx_word' id='word_1_453' title='bbox 1503 5252 1553 5322; x_wconf 90' lang='lat' dir='ltr'>sis</span> <span class='ocrx_word' id='word_1_454' title='bbox 1565 5274 1727 5346; x_wconf 81' lang='lat' dir='ltr'>unquam</span> <span class='ocrx_word' id='word_1_455' title='bbox 1750 5253 1874 5325; x_wconf 88' lang='lat' dir='ltr'>elatus.</span> <span class='ocrx_word' id='word_1_456' title='bbox 1925 5253 2065 5327; x_wconf 89' lang='lat' dir='ltr'>Domus</span> <span class='ocrx_word' id='word_1_457' title='bbox 2090 5279 2212 5327; x_wconf 86' lang='lat' dir='ltr'>curam</span> <span class='ocrx_word' id='word_1_458' title='bbox 2239 5279 2317 5352; x_wconf 71' lang='lat' dir='ltr'>age.</span> 
     </span>
     <span class='ocr_line' id='line_1_50' title="bbox 281 5351 2317 5450; baseline 0.005 -27"><span class='ocrx_word' id='word_1_459' title='bbox 281 5368 437 5450; x_wconf 84' lang='lat' dir='ltr'>pensato</span> <span class='ocrx_word' id='word_1_460' title='bbox 455 5351 734 5446; x_wconf 82' lang='lat' dir='ltr'>pulchritudine.</span> <span class='ocrx_word' id='word_1_461' title='bbox 784 5353 840 5425; x_wconf 91' lang='lat' dir='ltr'>De</span> <span class='ocrx_word' id='word_1_462' title='bbox 862 5354 1012 5425; x_wconf 89' lang='lat' dir='ltr'>numine</span> <span class='ocrx_word' id='word_1_463' title='bbox 1035 5380 1081 5425; x_wconf 94' lang='lat' dir='ltr'>ne</span> <span class='ocrx_word' id='word_1_464' title='bbox 1106 5358 1198 5426; x_wconf 90' lang='lat' dir='ltr'>male</span> <span class='ocrx_word' id='word_1_465' title='bbox 1222 5358 1276 5427; x_wconf 91' lang='lat' dir='ltr'>lo·</span> <span class='ocrx_word' id='word_1_466' title='bbox 1328 5353 1460 5425; x_wconf 91' lang='lat' dir='ltr'>Libros</span> <span class='ocrx_word' id='word_1_467' title='bbox 1481 5355 1618 5425; x_wconf 86' lang='lat' dir='ltr'>evolve.</span> <span class='ocrx_word' id='word_1_468' title='bbox 1676 5353 1828 5427; x_wconf 85' lang='lat' dir='ltr'>Liberos</span> <span class='ocrx_word' id='word_1_469' title='bbox 1855 5355 1920 5425; x_wconf 93' lang='lat' dir='ltr'>tibi</span> <span class='ocrx_word' id='word_1_470' title='bbox 1946 5354 2173 5431; x_wconf 85' lang='lat' dir='ltr'>charissimos</span> <span class='ocrx_word' id='word_1_471' title='bbox 2202 5361 2317 5434; x_wconf 87' lang='lat' dir='ltr'>erudi.</span> 
     </span>
     <span class='ocr_line' id='line_1_51' title="bbox 282 5455 2317 5553; baseline 0.004 -26"><span class='ocrx_word' id='word_1_472' title='bbox 282 5479 422 5553; x_wconf 82' lang='lat' dir='ltr'>quere,</span> <span class='ocrx_word' id='word_1_473' title='bbox 452 5458 546 5552; x_wconf 85' lang='lat' dir='ltr'>quid</span> <span class='ocrx_word' id='word_1_474' title='bbox 564 5458 611 5527; x_wconf 90' lang='lat' dir='ltr'>sit</span> <span class='ocrx_word' id='word_1_475' title='bbox 631 5471 751 5528; x_wconf 80' lang='lat' dir='ltr'>autern</span> <span class='ocrx_word' id='word_1_476' title='bbox 772 5459 946 5529; x_wconf 69' lang='lat' dir='ltr'>amenus</span> <span class='ocrx_word' id='word_1_477' title='bbox 994 5455 1130 5529; x_wconf 57' lang='lat' dir='ltr'>Auffl‘to</span> <span class='ocrx_word' id='word_1_478' title='bbox 1149 5460 1289 5544; x_wconf 75' lang='lat' dir='ltr'>multa,</span> <span class='ocrx_word' id='word_1_479' title='bbox 1328 5456 1422 5529; x_wconf 91' lang='lat' dir='ltr'>luste</span> <span class='ocrx_word' id='word_1_480' title='bbox 1437 5458 1607 5528; x_wconf 84' lang='lat' dir='ltr'>iudicato.</span> <span class='ocrx_word' id='word_1_481' title='bbox 1657 5458 1771 5530; x_wconf 87' lang='lat' dir='ltr'>Bonis</span> <span class='ocrx_word' id='word_1_482' title='bbox 1793 5460 2004 5532; x_wconf 80' lang='lat' dir='ltr'>benefacito.</span> <span class='ocrx_word' id='word_1_483' title='bbox 2054 5462 2088 5532; x_wconf 77' lang='lat' dir='ltr'>A</span> <span class='ocrx_word' id='word_1_484' title='bbox 2103 5465 2317 5535; x_wconf 82' lang='lat' dir='ltr'>maledicen-</span> 
     </span>
     <span class='ocr_line' id='line_1_52' title="bbox 281 5561 2317 5655; baseline 0.003 -25"><span class='ocrx_word' id='word_1_485' title='bbox 281 5561 437 5655; x_wconf 87' lang='lat' dir='ltr'>loquere</span> <span class='ocrx_word' id='word_1_486' title='bbox 451 5585 579 5652; x_wconf 78' lang='lat' dir='ltr'>pauco.</span> <span class='ocrx_word' id='word_1_487' title='bbox 610 5561 719 5631; x_wconf 84' lang='lat' dir='ltr'>Prius</span> <span class='ocrx_word' id='word_1_488' title='bbox 730 5561 906 5652; x_wconf 75' lang='lat' dir='ltr'>intellige,</span> <span class='ocrx_word' id='word_1_489' title='bbox 930 5571 965 5629; x_wconf 86' lang='lat' dir='ltr'>et</span> <span class='ocrx_word' id='word_1_490' title='bbox 980 5562 1110 5632; x_wconf 80' lang='lat' dir='ltr'>deinde</span> <span class='ocrx_word' id='word_1_491' title='bbox 1125 5563 1170 5632; x_wconf 86' lang='lat' dir='ltr'>ed</span> <span class='ocrx_word' id='word_1_492' title='bbox 1187 5585 1278 5655; x_wconf 85' lang='lat' dir='ltr'>opus</span> <span class='ocrx_word' id='word_1_493' title='bbox 1328 5562 1377 5634; x_wconf 88' lang='lat' dir='ltr'>tia</span> <span class='ocrx_word' id='word_1_494' title='bbox 1403 5573 1616 5654; x_wconf 85' lang='lat' dir='ltr'>temperato.</span> <span class='ocrx_word' id='word_1_495' title='bbox 1666 5561 1913 5655; x_wconf 86' lang='lat' dir='ltr'>Suspicionem</span> <span class='ocrx_word' id='word_1_496' title='bbox 1936 5563 2093 5635; x_wconf 90' lang='lat' dir='ltr'>abiicito.</span> <span class='ocrx_word' id='word_1_497' title='bbox 2145 5566 2317 5638; x_wconf 86' lang='lat' dir='ltr'>Parentes</span> 
     </span>
     <span class='ocr_line' id='line_1_53' title="bbox 285 5661 2318 5760; baseline 0.003 -28"><span class='ocrx_word' id='word_1_498' title='bbox 285 5664 427 5734; x_wconf 79' lang='lat' dir='ltr'>secede.</span> <span class='ocrx_word' id='word_1_499' title='bbox 478 5663 533 5735; x_wconf 89' lang='lat' dir='ltr'>Ne</span> <span class='ocrx_word' id='word_1_500' title='bbox 550 5666 597 5733; x_wconf 92' lang='lat' dir='ltr'>ob</span> <span class='ocrx_word' id='word_1_501' title='bbox 611 5665 755 5734; x_wconf 85' lang='lat' dir='ltr'>divitias</span> <span class='ocrx_word' id='word_1_502' title='bbox 769 5663 927 5736; x_wconf 76' lang='lat' dir='ltr'>laudaris</span> <span class='ocrx_word' id='word_1_503' title='bbox 941 5661 1059 5735; x_wconf 84' lang='lat' dir='ltr'>virum</span> <span class='ocrx_word' id='word_1_504' title='bbox 1076 5666 1278 5758; x_wconf 74' lang='lat' dir='ltr'>indignum.</span> <span class='ocrx_word' id='word_1_505' title='bbox 1329 5663 1501 5758; x_wconf 87' lang='lat' dir='ltr'>patientia</span> <span class='ocrx_word' id='word_1_506' title='bbox 1519 5663 1633 5736; x_wconf 90' lang='lat' dir='ltr'>vince.</span> <span class='ocrx_word' id='word_1_507' title='bbox 1683 5661 1855 5736; x_wconf 83' lang='lat' dir='ltr'>Beneficii</span> <span class='ocrx_word' id='word_1_508' title='bbox 1869 5665 2004 5760; x_wconf 90' lang='lat' dir='ltr'>accepti</span> <span class='ocrx_word' id='word_1_509' title='bbox 2018 5682 2212 5741; x_wconf 89' lang='lat' dir='ltr'>memento.</span> <span class='ocrx_word' id='word_1_510' title='bbox 2258 5666 2318 5738; x_wconf 87' lang='lat' dir='ltr'>Io-</span> 
     </span>
     <span class='ocr_line' id='line_1_54' title="bbox 286 5761 2317 5862; baseline 0.002 -26"><span class='ocrx_word' id='word_1_511' title='bbox 286 5763 531 5837; x_wconf 80' lang='lat' dir='ltr'>Persussione</span> <span class='ocrx_word' id='word_1_512' title='bbox 557 5789 663 5859; x_wconf 81' lang='lat' dir='ltr'>cape,</span> <span class='ocrx_word' id='word_1_513' title='bbox 703 5789 778 5837; x_wconf 77' lang='lat' dir='ltr'>son</span> <span class='ocrx_word' id='word_1_514' title='bbox 807 5766 856 5837; x_wconf 78' lang='lat' dir='ltr'>vi.</span> <span class='ocrx_word' id='word_1_515' title='bbox 921 5761 1106 5861; x_wconf 77' lang='lat' dir='ltr'>Compens-</span> <span class='ocrx_word' id='word_1_516' title='bbox 1129 5770 1168 5840; x_wconf 91' lang='lat' dir='ltr'>in</span> <span class='ocrx_word' id='word_1_517' title='bbox 1193 5770 1293 5838; x_wconf 75' lang='lat' dir='ltr'>edo·-</span> <span class='ocrx_word' id='word_1_518' title='bbox 1328 5768 1497 5842; x_wconf 79' lang='lat' dir='ltr'>seriorem</span> <span class='ocrx_word' id='word_1_519' title='bbox 1517 5792 1562 5838; x_wconf 91' lang='lat' dir='ltr'>ne</span> <span class='ocrx_word' id='word_1_520' title='bbox 1578 5767 1731 5841; x_wconf 86' lang='lat' dir='ltr'>reiicias.</span> <span class='ocrx_word' id='word_1_521' title='bbox 1771 5768 1897 5839; x_wconf 78' lang='lat' dir='ltr'>Aliena</span> <span class='ocrx_word' id='word_1_522' title='bbox 1911 5794 1957 5839; x_wconf 91' lang='lat' dir='ltr'>ne</span> <span class='ocrx_word' id='word_1_523' title='bbox 1975 5770 2214 5862; x_wconf 77' lang='lat' dir='ltr'>conwpissss.</span> <span class='ocrx_word' id='word_1_524' title='bbox 2260 5769 2317 5844; x_wconf 82' lang='lat' dir='ltr'>Ne</span> 
     </span>
    </p>
   </div>
   <div class='ocr_carea' id='block_1_14' title="bbox 1755 5866 2123 6046">
    <p class='ocr_par' dir='ltr' id='par_1_17' title="bbox 1755 5866 2123 6046">
     <span class='ocr_line' id='line_1_55' title="bbox 1791 5866 2123 5948; baseline -0.012 1"><span class='ocrx_word' id='word_1_525' title='bbox 1791 5871 1843 5948; x_wconf 61' lang='lat' dir='ltr'><strong><em>w</em></strong></span> <span class='ocrx_word' id='word_1_526' title='bbox 1854 5866 1876 5907; x_wconf 70' lang='grc'><strong>.</strong></span> <span class='ocrx_word' id='word_1_527' title='bbox 2110 5911 2123 5919; x_wconf 44' lang='grc'><strong><em>1</em></strong></span> 
     </span>
     <span class='ocr_line' id='line_1_56' title="bbox 1755 6038 1759 6046; baseline 0 0"><span class='ocrx_word' id='word_1_528' title='bbox 1755 6038 1759 6046; x_wconf 95' lang='grc'><em>.</em></span> 
     </span>
    </p>
   </div>
   <div class='ocr_carea' id='block_1_15' title="bbox 0 0 2772 6699">
    <p class='ocr_par' dir='ltr' id='par_1_18' title="bbox 0 0 2772 6699">
     <span class='ocr_line' id='line_1_57' title="bbox 0 0 2772 6699; baseline 0 0"><span class='ocrx_word' id='word_1_529' title='bbox 0 0 2772 6699; x_wconf 95' lang='lat' dir='ltr'> </span> 
     </span>
    </p>
   </div>
  </div>
 </body>
</html>
