5534 6700
261 562 344 638 721·
766 559 846 633 VIL·
896 554 1262 632 COMPENDIARIA
1286 555 1599 629 DlALE-GTICES
1621 554 1785 628 RATlO.
2213 555 2299 632 722

261 733 396 815 rentia,
433 744 473 801 ut
506 726 616 800 bomo
645 744 699 800 est·
722 733 855 800 animal
882 731 1131 802 intellectuale.
1190 729 1257 800 sic·
1300 729 1465 798 etforma
1484 727 1635 797 conflata
1654 734 1724 810 est,
1751 721 1842 795 nibil
1855 726 2014 808 interest,
2039 737 2182 817 praeter
2197 727 2287 816 figu

261 836 374 904 virtus
396 846 448 903 est
474 834 630 901 adlectus
659 835 784 902 bonus.
842 833 977 903 Vitium
1010 846 1062 902 est
1090 833 1247 903 adfectus
1298 855 1375 899 ram
1401 831 1588 902 sermonis.
1647 830 1745 922 Quid
1766 829 1860 898 enim
1885 828 1980 896 aliud
2008 840 2061 897 est
2088 828 2286 898 substantia

260 938 386 1005 malus.
447 935 573 1004 Partes
590 935 709 1003 enim*
730 936 900 1004 essentiae
925 936 1021 1004 iuxta
1047 935 1246 1025 proprieta-
1299 957 1485 1023 corporea,
1511 932 1667 1001 animata
1685 933 1853 1014 sentiens,
1879 930 2139 1012 intellectualis,
2162 953 2284 1022 quam,

261 1048 331 1106 tem
348 1036 536 1117 sermonis,
552 1049 645 1106 sunt
657 1060 767 1127 genus
782 1049 817 1105 et
833 1037 1047 1106 differentia.
1099 1035 1247 1106 Boetius
1298 1036 1397 1128 quod
1412 1034 1649 1126 compositum
1668 1048 1721 1104 cst
1737 1059 1780 1104 ex
1796 1056 1967 1124 corpore,
1993 1045 2029 1101 et
2044 1031 2163 1100 anima
2181 1031 2299 1100 intel·'

260 1142 394 1209 referre
418 1151 538 1208 censet
560 1139 613 1230 (id
637 1141 735 1231 quod
760 1152 874 1230 etego
890 1141 1084 1208 admodum
1099 1138 1247 1232 probo),
1297 1136 1464 1206 lectuali?
1514 1137 1663 1205 Abdidit
1681 1137 1775 1206 cuim
1790 1162 1865 1206 sese
1880 1149 2009 1204 natura
2028 1133 2066 1202 in
2080 1132 2285 1202 communia

260 1255 301 1311 ut
317 1266 336 1309 a
352 1265 493 1310 suuuno
508 1263 640 1330 genere.
652 1264 716 1330 per
729 1240 947 1312 differentias
964 1242 1009 1309 ad
1025 1241 1186 1310 ultimam
1205 1262 1247 1307 ac
1298 1241 1474 1332 quaedam
1499 1241 1693 1322 vocabula,
1719 1251 1760 1309 ut
1781 1263 1910 1328 corpus
1930 1237 2110 1327 signemus
2124 1259 2189 1326 per
2203 1235 2285 1305 sub·

261 1345 445 1434 propriam
471 1352 596 1434 usque
613 1343 908 1434 progrediamur,
945 1344 997 1414 sic
1023 1343 1256 1429 definiendo:¹
1296 1342 1466 1410 stantiam
1480 1365 1712 1433 corpoream,
1744 1341 1900 1410 animam
1927 1339 2200 1409 intellectualem
2226 1339 2287 1405 de·

260 1444 379 1513 Homo
396 1457 456 1514 est
473 1444 697 1530 substantia,
718 1468 922 1538 corporea,
956 1446 1135 1529 animata,
1155 1458 1256 1514 ·sen·'¹
1296 1443 1438 1536 signent
1453 1444 1612 1537 reliquae
1625 1456 1756 1535 partes.

260 1547 371 1630 tiens,
406 1546 665 1618 intellectualis.
728 1547 787 1618 Sic
811 1549 912 1618 enim.
928 1548 983 1616 rei
1003 1561 1133 1618 natura
1156 1546 1255 1636 inte-3
1397 1546 1560 1616 Pertinet
1574 1540 1644 1616 huc
1660 1545 1796 1628 finitio,
1823 1568 1914 1638 quae
1932 1542 2088 1635 propriis
2105 1541 2286 1633 operibus,

261 1649 358 1739 grius
384 1659 421 1716 et
443 1649 644 1744 absolutius
676 1649 818 1720 videtur
842 1649 1024 1742 exprimi,
1050 1662 1159 1743 atque
1180 1644 1247 1717 :hic
1296 1673 1359 1718 seu
1373 1649 1506 1720 effectis
1521 1660 1671 1732 constat,
1694 1672 1764 1741 qua
1781 1647 1921 1716 ratione
1939 1639 2197 1715 liniendibaud
2215 1642 2285 1712 alia

260 1751 371 1833 vides,
393 1749 517 1843 quirit
530 1775 615 1821 usus
628 1753 1014 1842 praedicamentorum,
1037 1775 1129 1847 quae
1144 1774 1246 1842 prae·
1296 1750 1483 1841 vulgatior.
1507 1764 1579 1836 est,
1603 1764 1662 1833 ut,
1688 1749 1750 1819 Sol
1772 1762 1824 1820 est
1844 1762 1949 1819 autor
1971 1748 2061 1831 diei,
2087 1747 2163 1817 dies
2188 1745 2285 1815 enim

258 1852 483 1944 scripsimus,
523 1877 676 1944 nempe,
713 1866 755 1923 ut
782 1855 1012 1947 suppeditent
1032 1855 1255 1923 finitionum·
1297 1865 1351 1924 est
1374 1878 1465 1946 opus
1486 1854 1583 1925 solis.
1640 1851 1777 1924 lustitia
1800 1864 1871 1935 est,
1904 1873 1995 1946 quae
2023 1873 2125 1921 suum
2157 1847 2285 1942 cuique

259 1955 462 2024 materiam
512 1952 559 2022 Et
578 1951 647 2025 boc
671 1955 816 2048 quidem
832 1957 981 2028 liniendi
996 1980 1145 2048 genere,
1169 1979 1245 2024 non
1296 1956 1435 2026 tribuit.
1486 1956 1598 2027 Suum
1614 1956 1741 2050 cuique
1759 1953 1935 2038 tribucre,
1961 1963 2013 2024 cst
2027 1949 2216 2043 proprium
2232 1950 2287 2020 iu·

258 2057 341 2126 licet
359 2056 502 2146 evagari
516 2069 614 2126 extra
631 2059 961 2148 praedicamentum
976 2061 1033 2144 id,
1059 2083 1132 2153 quo
1149 2083 1253 2127 com-.
1296 2055 1414 2128 stitiae
1428 2059 1597 2129 officium.

258 2154 699 2249 prehenditunlinitnm,
723 2162 785 2231 sed
814 2162 973 2234 eiusdem
999 2163 1187 2254 generibus
1209 2173 1251 2230 et
1401 2161 1656 2252 Temperantia
1678 2171 1732 2230 cst
1751 2157 1903 2229 rationis
1921 2157 1960 2225 in
1977 2155 2163 2225 libidinem
2180 2166 2286 2248 atque

259 2260 469 2329 differentiis
481 2261 630 2330 utimur.
681 2261 755 2332 Nec
771 2266 1074 2335 essentiaelinitio
1087 2277 1159 2347 eat,
1183 2263 1248 2334 ubi
1297 2264 1337 2332 in
1350 2264 1533 2341 aliusnon
1547 2276 1664 2334 rectos
1680 2263 1835 2353 impetus
1851 2259 1964 2329 animi
1978 2260 2081 2328 firma
2104 2271 2141 2328 et
2164 2258 2287 2327 mode·

260 2361 466 2431 exdiv'ersis
482 2363 859 2457 ordintbmqutddsm
880 2367 1096 2436 contexitur.
1117 2364 1247 2433 ·.llanc
1298 2377 1376 2434 rata
1405 2365 1618 2436 dominatio.
1689 2364 1783 2454 Nam
1808 2364 1987 2455 imperare
2016 2360 2178 2444 libidini,
2210 2359 2287 2429 offi÷

258 2462 408 2532 liniendi
436 2464 619 2535 rationem
644 2466 795 2538 crassius
810 2470 1065 2560 exprimunt,¹
1082 2468 1249 2561 qui-non
1299 2468 1394 2536 cium
1405 2477 1466 2539 'est
1492 2467 1763 2559 temperantiae.
1820 2464 1999 2537 Retulerit
2023 2488 2108 2556 crgo
2130 2462 2171 2531 in
2197 2484 2286 2556 quo-

258 2578 333 2634 tam
350 2567 548 2647 sermonis,
573 2590 682 2660 quam
697 2582 849 2640 naturae
859 2571 1042 2640 rationem
1064 2565 1251 2653 babentes,¹
1299 2566 1620 2663 cunque-themate
1642 2582 1803 2661 spectare
1827 2568 1903 2638 eius
1922 2567 2117 2659 genuinum
2143 2577 2179 2636 et
2201 2589 2287 2656 pro-

257 2667 400 2750 finiunt,
423 2668 716 2760 proprie3notatis
729 2672 893 2763 partibus
908 2673 973 2757 rei,
995 2684 1047 2756 ut,
1067 2667 1179 2741 bomo
1195 2685 1251 2742 est
1298 2673 1418 2765 prium
1453 2672 1621 2742 officium.
1678 2672 1804 2764 Neque
1839 2671 1934 2739 enim
1962 2671 2079 2740 solum
2107 2665 2288 2738 finitiones

259 2771 358 2864 quod
381 2782 586 2842 constater
610 2797 764 2865 corpore
791 2787 828 2843 et
856 2773 1252 2864 animaintclle'ctuali.
1298 2771 1383 2843 binc
1415 2787 1605 2867 petuntur,
1651 2776 1712 2844 scd
1747 2773 2035 2864 comparationes
2073 2766 2288 2853 rhetoricae,

258 2872 361 2963 Quae
382 2872 497 2941 finitio
514 2876 559 2943 ad
580 2898 721 2946 caussas
737 2877 918 2968 pertinere
939 2879 1101 2965 ridetur.
1150 2883 1215 2939 .1.-,
1245 2910 1249 2967 g
1299 2877 1683 2972 amplificationesque,
1715 2887 1756 2944 ut
1785 2874 1882 2968 apud
1913 2874 2066 2944 Paulum
2102 2874 2147 2942 ad
2180 2871 2287 2944 Rom.

331 2973 569 3066 ‚Secundum
591 2976 740 3047 liniendi
765 3003 898 3069 genus,
930 2978 1249 3050 delinitio-catuna
1298 3003 1377 3071 cap.
1402 2994 1488 3050 vtlt.
1522 2977 1799 3071 amplificatione
1832 2971 2094 3068 pulcherrima,
2133 2998 2287 3069 vereque

257 3085 445 3157 constans,
470 3079 797 3171 caussalem-rulgo
812 3087 953 3166 vocant,
964 3088 968 3141 ἑ
979 3091 1088 3176 ¹atque
1101 3078 1250 3171 baecut
1296 3074 1471 3165 Paulina,
1498 3084 1732 3151 'conferuntur
1748 3078 1894 3175 spiritus
1912 3092 1947 3149 et
1962 3103 2058 3150 caro.
2109 3076 2288 3147 Petuntur

256 3175 420 3268 proxime
447 3181 585 3247 accedit
604 3183 651 3249 ad
673 3182 917 3267 essentialem,
948 3184 1108 3253 'its-non
1136 3183 1247 3276 paulo
1298 3182 1384 3252 item
1416 3179 1501 3253 binc
1528 3183 1704 3277 formulae
1729 3194 2023 3273 argumentorum
2047 3180 2085 3249 in
2106 3178 2288 3264 suasoriis,

257 3279 443 3368 vulgatior
465 3293 515 3350 est
536 3281 734 3366 essentiali,
766 3279 835 3353 hac
858 3286 898 3352 in
923 3286 1051 3377 primis
1070 3281 1248 3357 Rhetores
1298 3280 1462 3373 bonesti,
1487 3310 1530 3356 ac
1543 3285 1718 3357 utilitatis.
1760 3284 1889 3356 Ferme
1905 3285 2093 3356 effectuum
2109 3283 2289 3358 finitiones

258 3381 385 3470 crebro
410 3393 573 3453 utuntur.
609 3384 1034 3479 .Ut=caussae3quatuor
1063 3401 1166 3473 sunt,
1196 3391 1248 3458 ita'
1298 3389 1492 3484 aproprio
1514 3402 1705 3482 petuntur,
1734 3401 1776 3459 ut
1795 3382 1907 3458 bomo
1931 3388 2065 3457 animal
2087 3400 2156 3471 est,
2190 3388 2289 3482 quod

258 3483 484 3577 quadruplex
498 3486 613 3555 forma
631 3487 780 3556 liniendi
794 3488 918 3585 astu).
949 3490 1136 3574 Efficiens,
1159 3490 1247 3560 Per·
1270 3461 1275 3558 l
1298 3516 1463 3562 sermone
1492 3492 1625 3577 utitur,
1657 3493 1701 3561 de
1731 3491 1860 3585 quibus
1886 3490 1994 3581 paulo
2017 3502 2099 3583 post
2121 3513 2185 3560 suo
2206 3487 2287 3558 loco

256 3608 369 3667 sona,
402 3608 542 3658 scores
566 3588 723 3686 faciens,
751 3604 919 3686 ut:,pater
941 3593 1092 3689 gignens
1119 3593 1246 3664 filium.
1297 3593 1460 3688 plurssrus
1479 3619 1637 3686 agemus.

255 3684 411 3773 Materia
445 3701 516 3773 cst,
550 3714 593 3761 ex
626 3718 695 3788 qua
721 3694 761 3761 fit
785 3695 989 3791 quippiam,
1023 3708 1065 3766 ut
1085 3720 1127 3765 er
1147 3696 1246 3790 ligno
1363 3687 1366 3693 ¹
1399 3695 1564 3766 Tertium
1581 3694 1729 3765 finiendi
1746 3719 1868 3786 genus,
1889 3692 2049 3764 definitio
2067 3718 2159 3791 quae
2176 3717 2287 3763 mem-

249 3810 395 3887 mensa,
422 3812 465 3858 ex
481 3816 603 3883 panno
619 3796 737 3867 vestis.
769 3794 903 3868 Forma
921 3810 986 3882 est,
1011 3822 1082 3893 qua
1096 3799 1247 3896 politur,
1269 3844 1273 3875 1
1296 3798 1361 3868 bra
1387 3800 1441 3867 rei
1464 3796 1693 3895 explicatu),
1718 3810 1759 3869 ut
1773 3821 1902 3890 corpus
1918 3793 2075 3869 bominis
2091 3800 2287 3895 est,'quod

259 3890 528 3986 adornaturque
556 3896 726 3981 materia,
757 3910 799 3969 ut
830 3899 939 3998 vestis
960 3902 1099 3983 forma,
1136 3925 1244 3997 quam
1297 3913 1437 3971 constat
1452 3902 1587 3993 capite,
1612 3896 1792 3986 humeris,
1815 3901 1999 3983 manibus,
2025 3914 2161 3986 ventre,
2187 3902 2288 3995 pedi-

257 4013 400 4082 pannus
423 4009 592 4068 consutus
613 3999 732 4070 refert.
782 3999 882 4073 Finis
906 4015 976 4086 est,
1008 4003 1121 4094 gratia
1146 4004 1246 4074 cuius
1295 4006 1374 4073 bus.
1425 3998 1467 4071 ln
1492 3999 1587 4073 bunc
1610 4005 1780 4087 modum,
1806 4029 1885 4074 cum
1911 4003 2021 4074 resin
2044 4005 2204 4074 membra
2222 4028 2288 4076 sua

259 4092 395 4187 aliquid
409 4097 461 4180 lit,
484 4111 524 4167 ut
541 4123 692 4192 corpora
712 4117 920 4173 exercentur
935 4105 1149 4176 valetudinis
1166 4129 1246 4197 gra·
1296 4105 1531 4198 discerpitur,
1556 4105 1700 4176 linimus
1718 4131 1784 4197 per
1804 4105 2058 4198 partitionem,
2092 4118 2133 4175 ut
2154 4105 2184 4177 si
2207 4106 2287 4201 quis
2403 4099 2405 4104 ¹

258 4193 352 4312 tia.⁸
380 4194 456 4265 lam
480 4200 619 4286 licebit,
644 4203 868 4301 definitiones
891 4208 1072 4300 concipias
1096 4232 1139 4277 ex
1161 4232 1246 4293 una,
1295 4203 1353 4278 lus
1376 4208 1479 4278 civile
1501 4208 1538 4277 id
1558 4210 1634 4280 esse
1654 4209 1767 4292 dicat,
1805 4210 1902 4302 qnod
1926 4209 1964 4277 in
1988 4209 2145 4299 legibus,
2176 4206 2287 4278 Sena-

257 4296 465 4402 plurtbusvc
493 4303 646 4389 caussis,
679 4319 718 4376 ot
749 4329 792 4376 cx
814 4310 1004 4394 efficiente:
1045 4310 1168 4380 Virtus
1194 4324 1246 4381 cst
1296 4310 1546 4394 tusconsultis,
1573 4314 1678 4381 rebus
1699 4310 1884 4394 iudicatis,
1912 4310 2200 4403 iurisperitorum
2225 4336 2288 4383 au·

259 4397 406 4469 affectus
428 4403 598 4476 divinitus
620 4407 824 4498 inspiratus.
885 4412 1039 4483 Caussae
1062 4412 1246 4484 efficientis
1296 4414 1464 4496 toritate,
1490 4414 1613 4484 edictis
1633 4413 1924 4504 magistratuum,
1959 4438 2080 4497 more,
2107 4413 2287 4509 aequitate

257 4494 349 4616 baec
372 4501 486 4574 finitio
507 4522 577 4593 est,
600 4533 684 4588 nam
706 4535 769 4602 per
785 4505 946 4584 autorem
962 4540 1065 4585 suum
1083 4515 1244 4586 describo
1297 4515 1469 4585 consistit.

260 4614 443 4674 vrrtutem.
504 4607 559 4681 Ex
580 4612 743 4715 'materia
771 4627 806 4683 et
831 4615 968 4701 lorma,
1000 4631 1041 4687 ut
1065 4617 1168 4709 panis
1194 4630 1247 4690 est
1399 4617 1579 4709 Quartum
1603 4616 1749 4685 finiendi
1771 4640 1900 4707 genus,
1935 4617 2094 4687 delinitio
2120 4631 2286 4692 constans

260 4717 406 4774 coctum
421 4707 589 4801 quiddam
608 4739 652 4784 cx
669 4714 807 4801 farina,
831 4718 947 4788 farina
973 4720 1160 4804 materies,
1181 4744 1246 4812 'co-
1297 4717 1539 4789 accidentibus
1556 4716 1623 4811 ¹⁰),
1666 4719 1728 4787 ubi
1759 4721 1892 4791 multae
1920 4720 2119 4789 adsciticiae
2147 4721 2285 4792 formae

261 4818 355 4875 ctum
378 4810 493 4878 forma
520 4828 583 4884 est.
633 4814 688 4887 Ex
711 4820 801 4904 fine,
834 4833 875 4909 ut
898 4824 1026 4893 domus
1050 4835 1120 4906 est,
1152 4846 1246 4917 quae
1297 4844 1373 4890 rem
1399 4820 1595 4916 quanpiam
1621 4822 1845 4905 describunt,
1875 4835 1915 4894 ut
1931 4822 2031 4893 Mors
2045 4822 2170 4892 ultima
2190 4824 2286 4894 linea

260 4932 327 4978 nos
351 4912 396 4979 ab
417 4912 550 4981 iniuria
576 4929 826 5010 tempestatum
853 4923 1023 4995 vindicat.
1071 4924 1246 4994 Materiae
1297 4947 1442 5011 rerum,
1474 4923 1513 4992 in
1542 4917 1599 4995 his
1627 4925 1751 4993 crebro
1780 4925 1916 4994 utimur
1938 4949 2066 5018 genere
2092 4949 2170 4995 cum
2196 4925 2285 4995 acci-

258 5011 467 5107 formaeque
490 5017 604 5087 linitio
626 5023 819 5094 essentialis
841 5039 904 5096 est.
956 5027 1023 5096 Sed
1042 5030 1247 5097 maluerunt
1271 5050 1275 5131 ἰ
1297 5027 1423 5110 dente,
1447 5039 1487 5097 ut
1503 5023 1665 5119 Halcyon
1680 5027 1755 5098 avis
1772 5039 1824 5097 est
1837 5028 1944 5118 paulo
1962 5028 2116 5119 amplior
2131 5052 2285 5121 passere,

259 5112 446 5185 Dialectici
462 5144 590 5189 vocare
608 5125 850 5209 essentialem,
875 5154 966 5223 quae
982 5154 1110 5221 genere
1129 5144 1165 5200 et
1180 5132 1246 5199 dil·
1271 5194 1275 5263 Ι
1297 5127 1418 5198 colore
1441 5131 1604 5199 caeruleo
1629 5153 1671 5199 ex
1692 5142 1795 5221 parte
1810 5130 1969 5213 maiore,
1994 5144 2133 5202 tantum
2149 5156 2285 5225 purpu-

258 5217 418 5288 ferentiis
435 5235 552 5309 partes
567 5236 716 5295 naturae
732 5242 892 5312 notaret;
919 5234 1133 5315 caussalem,
1155 5256 1246 5326 quae
1271 5264 1275 5331 3
1297 5231 1367 5301 'reis
1390 5245 1425 5301 et
1448 5232 1608 5304 candidis
1632 5232 1798 5302 admixtis
1819 5233 1967 5324 pennis,
1992 5235 2083 5303 collo
2101 5234 2225 5326 gracili
2244 5257 2285 5304 ac

258 5318 333 5390 suis
348 5323 555 5438 nominibus
571 5350 687 5397 crasse
703 5343 823 5419 partes
845 5323 1071 5427 exprimeret.
1122 5335 1246 5405 Caete-
1271 5356 1275 5438 i
1297 5359 1468 5427 procero,
1503 5348 1569 5405 etc.
1629 5333 1740 5403 Laris
1768 5335 1903 5427 lignum
1929 5348 1981 5406 est
2003 5337 2119 5407 mellei
2143 5336 2284 5421 coloris,

258 5446 362 5505 rum,
389 5437 482 5493 mter
504 5429 725 5498 essentialem
749 5446 784 5501 et
805 5459 902 5519 eam,
927 5462 1018 5529 quae
1037 5462 1079 5507 ex
1096 5438 1246 5507 materia
1272 5489 1275 5505 .

1334 5622 1381 5685 ts)
1399 5624 1500 5678 Amor
1511 5635 1616 5690 marg:
1639 5622 1768 5675 Deflnttto
1786 5636 1820 5675 ex
1837 5624 1966 5677 nenbrls
1985 5624 2032 5693 (ln
2048 5624 2098 5677 Ed.
2111 5626 2136 5677 2.
2151 5625 2219 5674 taso
2231 5634 2285 5674 sa·

297 5695 343 5760 ¹7)
362 5700 463 5751 annot
483 5711 586 5765 urg:
616 5704 659 5754 lx
681 5706 799 5768 quatuor
822 5706 933 5759 csmts
950 5709 1247 5773 quampraeclara
1331 5735 1333 5740 .
1368 5696 1428 5747 W·
1444 5692 1559 5759 ‘ml-l·

330 5766 410 5817 “lh-
1335 5776 1382 5845 ts)
1400 5780 1501 5833 annot.
1519 5789 1624 5845 marg:
1649 5779 1779 5833 Μειίίο
1797 5791 1833 5831 sx
1849 5779 2044 5832 maurotus.

255 5846 444 5915 Manna.
465 5850 574 5916 0rrn.
606 5853 692 5920 Vos.
713 5856 788 5922 xx.
1824 5848 1872 5920 46
