5534 6700
345 499 443 616 ¹sis
992 536 1351 613 murmuris-ra
1376 538 1445 611 an
1470 539 1612 616 voni..
1637 540 1762 615 1-1.
2325 543 2404 615 s1s

366 717 433 786 bus
448 710 642 806 quotannis
659 707 778 792 addit,
793 708 1070 794 emittebantur,
1083 724 1234 804 propter
1248 736 1357 808 quern
1410 712 1477 784 bus
1500 714 1658 804 praecise
1678 715 1930 807 respondeant.
1982 711 2182 783 Contentos
2201 710 2312 803 igitur
2332 737 2403 786 nos

368 819 545 888 defectum
562 813 760 894 accidebat,
786 822 827 882 ut
841 811 1026 884 novilunia
1043 838 1124 885 cum
1141 813 1268 905 primis
1284 813 1358 885 die·
1411 836 1485 886 esse
1501 819 1622 901 decet,
1642 816 1673 888 si
1693 830 1873 912 utcunque
1897 839 2036 886 menses
2052 812 2235 886 mensibus
2251 816 2301 884 ita
2316 840 2402 886 con·

364 921 435 991 bus
458 916 633 985 mensium
657 937 733 983 non
756 927 1014 1005 congruerent,
1043 916 1112 985 init
1134 940 1224 1008 opus
1246 916 1357 986 altera
1408 930 1561 1009 gruum,
1587 932 1630 989 ut
1653 920 1775 1014 aliquo
1797 920 1908 989 modo
1937 917 2126 988 aestimare
2143 916 2277 1000 liceat,
2303 922 2403 1013 quod

369 1017 653 1099 intercalatione,
670 1038 740 1110 qna
756 1016 884 1110 quinto
899 1041 1044 1112 quoque
1060 1040 1157 1088 anno
1174 1042 1267 1089 unus
1282 1019 1359 1090 dies
1409 1032 1550 1112 tempus
1569 1021 1653 1090 anni
1671 1021 1758 1092 illud
1777 1020 1906 1104 luerit,
1929 1045 2003 1114 quo
2023 1042 2082 1090 res
2100 1030 2197 1110 gesta
2224 1043 2301 1090 esse
2315 1020 2405 1092 seri·

369 1119 515 1215 reliquis
536 1118 709 1189 trecentis‘
724 1117 985 1212 quinquaginta
1008 1133 1164 1213 quatuor
1178 1122 1358 1193 insereba-
1408 1122 1518 1194 bitur.

367 1237 444 1305 tur,
470 1233 511 1292 ut
531 1242 628 1292 nnnc
650 1220 742 1291 solet
761 1220 839 1289 lieri
856 1223 901 1288 ad
919 1221 1131 1313 explendum
1150 1246 1283 1294 annum
1300 1248 1358 1295 so·

367 1326 499 1407 larem,
527 1336 566 1393 ut
585 1335 756 1392 maneant
777 1322 1002 1416 aequinoctia
1027 1337 1063 1394 et
1077 1326 1227 1397 solstitia
1244 1326 1282 1395 in
1299 1325 1357 1398 iis-

366 1429 448 1498 dem
466 1425 566 1521 quasi
582 1424 750 1516 vestigiis.
800 1420 853 1494 lta
876 1424 929 1493 illi
944 1422 1041 1496 hunc
1061 1428 1155 1497 diem
1170 1429 1355 1499 collectum

367 1553 410 1601 ex
423 1541 579 1623 quatuor
593 1524 854 1622 quadrantibus
868 1527 952 1614 diei,
965 1529 1091 1622 quinto
1104 1555 1247 1625 quoque
1260 1554 1356 1601 anno

365 1631 493 1705 ultimo
516 1629 630 1701 mensi
648 1627 873 1714 inserebant,
899 1642 940 1699 ut
959 1632 1143 1703 novilunia
1165 1633 1204 1702 in
1220 1633 1357 1726 primos

366 1733 442 1803 dies
462 1732 594 1803 mensis
609 1755 751 1823 semper
773 1732 1009 1804 incurrerent.

471 1834 549 1905 lloc
587 1859 716 1926 genere
747 1857 926 1905 annorum
963 1836 1201 1931 antiquissimi
1236 1850 1356 1929 patres

368 1938 475 2008 etiam
494 1948 576 2005 ante
593 1936 765 2006 diluvium
784 1935 901 2031 (quod
915 1962 957 2007 ex
973 1933 1123 2010 historia
1140 1935 1267 2013 Nubae
1283 1941 1355 2011 col·

366 2039 428 2132 ligi
455 2039 608 2134 potest),
639 2038 768 2109 deinde
778 2038 831 2133 ¹⁹),
849 2039 1009 2132 ipsorum
1033 2043 1189 2133 posteri,
1220 2040 1355 2126 ludaei,

1612 1255 1675 1327 De
1708 1257 1935 1330 mensibus
1967 1253 2187 1326 llbraicis.

1510 1389 1557 1460 Et
1580 1403 1621 1461 ut
1635 1392 1791 1484 primum
1815 1392 1858 1460 de
1881 1389 2043 1460 Ebraicis
2065 1389 2246 1462 mensibus
2267 1393 2405 1477 dicam,

1408 1492 1557 1563 nomina
1573 1517 1698 1567 eorum
1721 1507 1757 1564 et
1780 1493 1945 1564 ordinem
1964 1493 2054 1564 scire
2080 1505 2242 1585 oportet,
2267 1507 2309 1564 ut
2325 1520 2403 1566 uno

1408 1597 1680 1667 accommodato
1703 1598 1748 1666 ad
1762 1593 1941 1669 lulianum
1956 1595 2110 1690 aliquem
2127 1619 2303 1682 mensem,
2318 1599 2403 1669 reli-

1409 1699 1472 1793 qui
1497 1711 1640 1788 postea,
1665 1724 1731 1771 suo
1763 1699 1913 1796 quisque
1941 1698 2042 1782 loco,
2071 1697 2218 1791 reliquis
2250 1696 2402 1773 Iulianis

1408 1799 1526 1892 aptari
1541 1801 1690 1892 possint.

1510 1901 1660 1976 Constat
1688 1917 1808 1976 autem
1831 1928 1874 1973 cx
1895 1902 2042 1973 Biblicis
2068 1901 2230 1994 scriptis,
2258 1929 2400 1976 menses

1406 2029 1470 2076 seu
1502 2006 1706 2078 lunationes
1734 2005 1957 2076 Ebracorum
1998 2029 2075 2074 non
2114 1999 2279 2078 babuisse
2308 2003 2400 2079 haec

1405 2106 1577 2193 nomina,
1609 2134 1702 2204 quae
1726 2133 1821 2179 nunc
1843 2119 2093 2193 recensentur,
2136 2121 2216 2178 ante
2248 2110 2398 2180 exilium

367 2165 508 2232 semper
532 2140 586 2211 usi
608 2153 711 2223 sunt,
738 2144 833 2211 unde
857 2145 979 2212 eadem
1006 2144 1092 2213 anni
1113 2145 1207 2215 ratio
1224 2168 1354 2237 propa-
1404 2208 1683 2303 Babylonicum,
1708 2225 1851 2304 praem
1873 2212 2071 2281 admodum
2092 2209 2307 2306 paucos”),
2333 2215 2399 2283 sed

365 2257 446 2361 gala
464 2255 595 2333 capel
609 2242 742 2314 Viduas
762 2255 884 2362 glum
906 2247 952 2315 ad
969 2245 1127 2364 qtae-⁶⁰⁸
1143 2270 1353 2341 quoque’a
1406 2313 1565 2383 numeris
1584 2313 1659 2383 fere
1682 2326 1824 2385 tautum
1846 2314 1952 2385 luisse
1979 2312 2168 2387 indicatos.
2218 2311 2290 2383 Sed
2315 2330 2398 2406 post

365 2344 495 2439 qu¹bu⁸
533 2367 612 2414 eam
646 2342 804 2415 Rmmm
836 2359 990 2417 muman
1030 2350 1092 2418 dm
1124 2362 1354 2440 murpamm'
1405 2415 1647 2505 captivitatem
1671 2417 1805 2486 reversi
1829 2396 1988 2500 ludaei,
2004 2410 2094 2485 baec
2120 2415 2272 2497 nomina
2297 2442 2398 2487 men·

364 2448 478 2517 donec
503 2458 543 2516 ut
561 2447 669 2517 nimis
690 2472 902 2538 operosam,
928 2461 963 2517 et
985 2450 1120 2519 malitia
1143 2451 1352 2542 pontificum
1424 2515 1432 2530 ,
1709 2518 1718 2534 .
2095 2516 2105 2533 .
2228 2518 2237 2534 .

365 2560 571 2639 comptam
588 2561 622 2617 et
639 2551 909 2634 conturbatam,
932 2552 1090 2642 neglecta
1112 2553 1265 2636 diutim,
1292 2566 1354 2624 aut
1404 2540 1496 2586 sium
1512 2541 1532 2585 a
1549 2512 1738 2588 Chaldaeis
1752 2518 1972 2602 rettderuut,
1993 2531 2033 2588 ut
2047 2540 2188 2653 primus
2201 2519 2398 2590 diceretur:

366 2649 613 2741 intempestive
635 2667 805 2744 usurpata
823 2652 1113 2739 intercalatione,
1138 2654 1248 2726 lulius
1265 2655 1353 2725 Cae·
1872 2653 1950 2740 1022,
2104 2635 2228 2709 Nm·

364 2777 423 2824 sar
447 2753 619 2836 correxit,
652 2767 688 2824 et
715 2755 870 2826 mutavit
891 2756 928 2825 in
955 2750 1048 2826 banc
1070 2757 1156 2825 arani
1186 2757 1353 2839 formam,
1464 2737 1649 2810 secundm
1862 2754 1950 2834 'lm
2102 2736 2184 2812 Μ·

365 2855 509 2953 quaein
523 2849 739 2927 hodiernum
756 2883 869 2951 usque
884 2859 980 2927 diem
997 2861 1115 2930 durat.
1465 2840 1610 2912 'felliu‘
1874 2856 1948 2947 ΠΟ,
2103 2842 2224 2913 Silen-

464 2953 684 3027 lucboaruut
718 2974 836 3029 autem
861 2960 991 3031 Ebraei
1023 2986 1157 3031 anniam
1180 2987 1283 3033 suum
1307 2961 1352 3028 ab
1464 2942 1625 3035 Q¹¹³¹¹¹¹⁸
1859 2959 1945 3033 ml
2099 2940 2273 3018 Tlfflfflffl·

362 3062 590 3159 aequinoctio
612 3086 744 3144 verno,
784 3062 874 3133 sicut
893 3058 1127 3133 Athenienses
1155 3087 1174 3131 a
1200 3062 1352 3132 solstitio
1464 3044 1621 3136 Quintus
1894 3060 1952 3146 ἓξ
2097 3046 2163 3115 Ab·

361 3165 518 3247 aestivo,
551 3163 709 3231 Romani
731 3188 751 3230 a
775 3165 923 3246 bruma,
947 3164 1164 3246 erratione,
1189 3176 1230 3233 ut
1251 3164 1353 3233 novi·
1463 3146 1589 3264 &Q
1848 3134 1949 3261 bibi}
2100 3146 2218 3264 filu-¹0·

360 3266 521 3350 lunium,
543 3266 640 3360 quod
656 3265 859 3357 proximum
885 3277 974 3335 esset
997 3258 1052 3335 bis
1073 3265 1255 3350 terminis,
1285 3264 1353 3332 ini·
1464 3248 1643 3339 Sil)umus
1842 3263 1947 3357 *lulli
2100 3244 2234 3319 'flum-

364 3368 576 3462 tiumprimi
593 3370 724 3439 mensis
741 3368 826 3436 anni
844 3367 998 3439 afferret.
1050 3368 1119 3439 Sed
1136 3367 1195 3437 illa
1212 3379 1265 3437 tot
1279 3368 1352 3436 die·
1464 3351 1621 3422 Oetam
1791 3358 1947 3455 imin,
2101 3346 2337 3425 Mathesvau·

366 3499 446 3544 rum
484 3470 648 3555 omissio,
690 3469 830 3541 duobus
865 3471 1073 3565 plerumque
1116 3472 1219 3540 annis
1247 3471 1353 3553 lacta,
1463 3454 1591 3571 N⁰¹¹J¹⁸
1834 3443 1948 3563 Ῥξῦιῖ,
2103 3453 2235 3524 Cisleu.

365 3575 465 3646 initia
482 3574 657 3643 mensium
675 3574 800 3665 procul
816 3573 909 3642 ultra
927 3598 1010 3644 suos
1026 3587 1213 3643 consuetos
1232 3572 1354 3641 termi·
1464 3556 1632 3627 Desslmus
1859 3570 1946 3635 mv
2101 3555 2228 3626 'sebel-

364 3704 432 3749 nos
453 3674 701 3759 abstrahebat,
734 3677 782 3745 ita
807 3688 848 3744 ut
869 3673 929 3743 lixi
951 3688 985 3744 et
1008 3675 1094 3744 certi
1118 3700 1192 3746 esso
1216 3698 1353 3744 menses
1464 3659 1684 3729 undecim
1851 3664 1949 3767 ὮᾎΠζ
2099 3658 2222 3728 Sebdt·

286 3797 292 3809 ⁸
366 3804 441 3850 non
457 3789 602 3869 possent
621 3777 659 3844 in
682 3779 745 3847 tali
761 3801 876 3859 auno,
900 3790 1156 3876 coagmentato⁴
1172 3801 1214 3846 ex
1229 3773 1353 3845 Lunae
1464 3760 1707 3833 Duodecim&
1867 3775 1948 3863 i'lsss
2097 3762 2210 3831 Ades·

366 3895 402 3952 et
425 3880 518 3950 Solis
545 3879 714 3971 periodis.
764 3879 815 3949 Ut
835 3877 986 3971 exempli
1006 3903 1130 3963 causa,
1155 3879 1184 3950 si
1211 3879 1352 3948 initium
1508 3881 1678 3951 Dicamus
1693 3878 1803 3970 igitur
1816 3882 1861 3948 de
1876 3879 1995 3971 primo
2008 3902 2130 3950 mense
2144 3878 2274 3963 Nisan,
2290 3904 2386 3974 quem

367 3982 474 4077 primi
498 3981 648 4064 mensis,
672 4005 734 4051 seu
759 3981 915 4073 primum
943 3980 1169 4051 novilunium
1197 3979 1353 4050 Ebraeo·
1405 3998 1441 4057 et
1469 3981 1591 4056 ludaei
1618 3993 1796 4066 recentes,
1835 3981 2040 4075 etquidem
2064 3980 2146 4053 illos
2173 3982 2311 4066 secuti,
2338 3995 2389 4051 re·

315 4163 319 4170 ¹
368 4111 448 4156 rum
467 4084 588 4179 aliquo
611 4106 707 4152 anno
722 4084 845 4154 luisset
866 4083 903 4149 in
919 4083 977 4151 die
993 4083 1264 4177 aequinoctiali,
1291 4084 1354 4178 qui
1404 4090 1525 4158 ferunt
1548 4088 1594 4155 ad
1617 4097 1780 4155 nostrum
1809 4083 1994 4153 Martium.
2047 4083 2118 4154 Sed
2150 4098 2298 4155 constat
2325 4085 2390 4176 pri-

366 4188 435 4258 tuit
450 4186 536 4256 olim
550 4185 737 4258 vicesimus
754 4183 1047 4280 quintusMartii:
1065 4209 1161 4255 anno
1176 4184 1353 4276 proximo,
1406 4215 1504 4260 mum
1529 4210 1686 4258 mensem
1705 4187 1839 4255 dictum
1855 4209 1929 4255 esse
1951 4210 2108 4257 mensem
2124 4211 2309 4257 novarum
2324 4189 2391 4256 sm.

367 4288 675 4383 propteromissos
688 4290 854 4359 undecim
870 4287 957 4372 dies,
969 4286 1161 4358 cedebatin
1176 4287 1351 4357 decimum
1405 4317 1509 4385 gum,
1533 4313 1596 4362 seu
1618 4289 1755 4383 spicae,
1788 4289 1887 4381 quod
1905 4300 1981 4358 tum
2008 4289 2139 4381 segetes
2160 4290 2390 4380 proferebant

368 4406 559 4487 quartum,
585 4403 620 4459 et
635 4389 797 4485 sequenti
822 4414 939 4473 anno,
965 4404 1113 4482 propter
1137 4391 1287 4460 omissos
1303 4390 1353 4459 al·
1404 4396 1519 4488 spicas
1532 4395 1669 4485 plenas,
1686 4394 1780 4461 unde
1796 4391 1833 4459 in
1851 4392 1926 4481 lege
1941 4391 2050 4462 Moisi
2066 4392 2305 4463 constitutum
2320 4391 2393 4475 luit,

343 4509 465 4571 ,teros
480 4495 646 4590 undecim
661 4496 748 4577 dies,
764 4494 801 4561 in
821 4493 964 4562 tertium
981 4493 1077 4561 diem
1093 4492 1218 4562 Martii
1234 4516 1353 4562 asceu-
1404 4511 1446 4569 ut
1473 4497 1646 4590 postridie
1672 4494 1748 4564 eius
1776 4494 1935 4576 sabbati,
1972 4498 2068 4589 quod
2093 4495 2132 4563 in
2154 4496 2389 4585 septimanam

368 4599 486 4669 debat.
524 4595 651 4665 Tertio
668 4620 785 4680 anno,
811 4596 874 4665 etsi
893 4620 934 4665 ex
950 4608 1005 4664 ter
1018 4596 1172 4667 collectis
1187 4595 1351 4665 undecim
1405 4600 1544 4672 dierum
1559 4621 1769 4692 azymorum
1787 4596 1953 4679 cadebat,
1966 4594 2139 4693 (quorum
2154 4598 2303 4667 initium
2320 4610 2391 4666 erat

368 4700 492 4770 diebus
509 4700 641 4770 mensis
658 4723 769 4782 unus,
795 4711 960 4768 constans
982 4722 1025 4768 ex
1047 4699 1192 4790 triginta
1218 4699 1353 4781 diebus,
1405 4702 1563 4773 decimus
1579 4699 1726 4795 quintus
1748 4698 1824 4769 dies
1843 4698 1949 4790 primi
1964 4700 2111 4792 coensis)
2125 4699 2322 4770 offerretur
2342 4724 2391 4769 sa·

368 4801 665 4886 intercalabatur,
698 4814 818 4870 tamen
842 4801 1012 4871 reservati
1035 4814 1106 4872 tres
1128 4799 1208 4870 dies
1228 4799 1354 4870 efficie-
1405 4804 1609 4877 cer-dotibus
1627 4805 1671 4871 ad
1686 4802 1858 4893 templum
1877 4801 2081 4891 manipulus
2095 4803 2300 4893 spicarum,
2315 4814 2391 4894 post

366 4905 475 4987 bant,
501 4900 671 4974 utadbuc
692 4904 812 4974 triduo
836 4916 918 4972 ante
935 4903 1201 4997 aequinoctium
1217 4902 1354 4995 primus
1406 4932 1513 5005 quem
1535 4906 1631 4975 diem
1657 4903 1785 4973 licebat
1808 4903 1933 4972 falcem
1957 4903 1995 4971 in
2020 4929 2169 4975 messem
2187 4904 2392 4985 immittere,

368 5005 498 5076 mensis
512 5008 599 5077 anni
612 5003 855 5089 inchoaretur,
876 5030 942 5075 nec
957 5006 1090 5076 rediret
1105 5007 1150 5074 ad
1164 5030 1266 5078 suum
1285 5019 1354 5074 ter·
1406 5013 1504 5107 quod
1537 5019 1619 5078 ante
1647 5006 1746 5076 illum
1778 5007 1873 5074 diem
1900 5006 2017 5075 lacere
2048 5019 2126 5077 erat
2155 5004 2392 5100 prohibitum,

367 5108 527 5191 minum,
552 5123 635 5179 ante
651 5122 815 5179 octavum
834 5133 981 5179 annum.
1405 5117 1501 5186 unde
1530 5125 1564 5182 et
1600 5110 1639 5178 in
1669 5108 1762 5177 libro
1789 5105 1915 5178 losuae
1938 5109 2053 5201 capite
2077 5107 2112 5181 4.
2135 5124 2170 5179 et
2191 5105 2231 5182 5.
2259 5111 2392 5201 primus

469 5209 624 5301 Propter
642 5208 736 5281 banc
750 5211 1019 5283 instabilitatem
1043 5211 1119 5281 fieri
1136 5235 1210 5279 non
1225 5221 1354 5303 potest,
1406 5216 1538 5287 mensis
1560 5222 1863 5302 vocaturtempus
1882 5211 2024 5295 messis,
2050 5213 2146 5307 quod
2169 5212 2211 5282 in
2237 5214 2301 5282 illo
2318 5235 2391 5282 coe·

365 5326 407 5384 ut
424 5335 562 5382 menses
577 5312 798 5385 Ebraeorum
825 5328 860 5384 et
874 5314 1093 5385 Graecorum
1115 5315 1163 5382 ita
1187 5325 1355 5405 aptentur
1405 5320 1500 5413 perit
1513 5315 1588 5386 fieri
1602 5316 1744 5404 frugum
1758 5312 1979 5404 importatio.
2407 5253 2438 5398 ὀ

365 5416 412 5486 ad
428 5437 568 5487 menses
583 5411 714 5485 luliani
735 5419 834 5500 anni,
860 5417 922 5513 qui
937 5418 997 5488 ieri
1016 5430 1111 5501 sunt,
1135 5429 1176 5488 ut
1190 5418 1265 5489 dies
1280 5416 1354 5486 die·
1507 5419 1629 5514 Quare
1650 5415 1843 5487 verisimile
1866 5429 1935 5500 est,
1962 5437 2122 5487 mensem
2143 5417 2307 5509 primum
2336 5415 2390 5485 ali

1404 5536 1542 5622 quanto
1567 5519 1738 5616 seriorem
1762 5517 1869 5590 fuisse
1889 5532 2014 5589 nostro
2036 5517 2190 5604 Martio,
2217 5520 2387 5615 siquidem
2429 5497 2438 5648 1

1407 5683 1611 5696 -..-.—

402 5687 450 5753 ts)
475 5689 571 5757 cotttgt
594 5693 704 5756 potest)
719 5690 835 5755 etstan]
858 5692 899 5744 etc
914 5691 966 5746 Ee
983 5695 1009 5749 2.
1018 5709 1028 5759 ;
1055 5693 1106 5747 tt.
1126 5695 1150 5745 t.
1175 5694 1254 5745 seru
1270 5690 1353 5745 sollt-

436 5757 525 5825 gitur)
544 5766 641 5826 poetes
1438 5753 1489 5823 2⁰)
1506 5758 1619 5821 prester
1637 5754 1782 5810 modun
1798 5757 1935 5832 pamm]
1953 5755 1996 5809 elo
2005 5755 2056 5809 td.
2067 5755 2109 5823 ’.ς
2125 5758 2161 5810 eb
2173 5757 2229 5813 M.
2246 5761 2271 5812 t.
2288 5755 2391 5812 ebrum
