5534 6700
378 795 530 887 Figuras
563 795 760 868 admittunt
790 820 1052 893 nonnunquam
1085 794 1124 868 hi
1157 801 1315 871 casus.‘

274 898 371 970 Nam
388 897 561 991 Vergilius
578 895 841 992 diphthongum
864 900 1005 984 divisit,
1031 924 1112 971 cum
1132 899 1268 996 inquit.

274 1001 423 1072 Aulat
412 1025 451 1070 sn
470 1001 611 1073 medio.
686 1000 795 1085 Item,
833 1002 942 1093 pietat
978 1003 1094 1075 vestis.
1166 1001 1198 1074 lt
1183 1017 1269 1088 t,em

276 1115 395 1198 aqnat.

378 1221 427 1292 Et
459 1220 618 1313 genitivo
648 1221 780 1313 plurali
812 1246 1074 1316 nonnunquam
1112 1247 1267 1317 syncope

276 1324 501 1409 admittitur,
528 1317 788 1415 Terrigemim,
813 1349 881 1417 pro
897 1326 1171 1416 terrigenarum.
1212 1323 1268 1394 ld-

276 1451 346 1522 que
361 1428 435 1499 lere
452 1426 490 1496 in
506 1427 714 1518 compositis
729 1439 869 1497 tautum
889 1427 1029 1498 accidit.

378 1544 532 1616 Variaut
564 1557 601 1614 et
631 1545 744 1614 dativi
776 1546 943 1636 plurales.
1006 1546 1100 1618 Nam
1129 1558 1268 1617 veteres

274 1648 452 1743 pleraque
479 1647 696 1721 discriminis
721 1671 828 1721 causa
849 1672 916 1741 per
939 1650 1027 1720 abus
1052 1649 1268 1733 extulerunt,

273 1763 316 1820 ut
331 1751 440 1821 eabus
454 1774 522 1842 pro
541 1750 610 1833 eis,
635 1749 835 1821 foeminino
848 1775 989 1842 genere.
1050 1750 1168 1821 Hodie
1184 1750 1267 1821 reli-

275 1877 346 1946 qua
362 1866 464 1936 sunt,
490 1847 764 1923 exhaclorma:
791 1850 954 1938 Deabus,
979 1854 1139 1939 filiabus,
1164 1866 1267 1923 nata·
1383 1908 1390 1919 .

271 1955 361 2040 bus,
401 1954 582 2050 equabus,
615 1956 799 2041 mulabus,
833 1954 1047 2040 libertabus,
1081 1956 1268 2039 ambabus,

274 2058 424 2167 duabus.
476 2057 568 2128 Sunt
583 2058 647 2152 qui
663 2070 698 2128 ct
712 2060 926 2130 dominabus
940 2059 1076 2130 dicunt.
1164 2076 1168 2085 '

270 2277 296 2346 fi
377 2177 553 2248 Graecam
575 2177 731 2247 sormam
755 2177 962 2263 imitantur,
989 2201 1081 2273 qnae
1097 2202 1134 2249 es
1149 2190 1212 2248 aut
1227 2201 1267 2251 as

297 2279 416 2350 niunt.
439 2330 441 2335 -
490 2330 494 2335 -

456 2530 490 2541 ..
562 2530 564 2535 Δ
626 2427 914 2518 Paradigma.

364 2550 367 2557 ’
438 2579 461 2587 ’·
583 2555 642 2630 bic
664 2557 839 2634 Anchises

377 2680 381 2691 ·
582 2658 691 2747 buius
708 2658 887 2735 Anchisae

547 2776 549 2781 '
586 2761 677 2835 hnic*
691 2762 870 2836 Anchisae

583 2862 680 2936 hunc
705 2864 906 2950 Anchisen,
933 2864 1029 2937 hunc
1050 2867 1199 2938 Aenean

478 2974 481 2981 '
583 2964 781 3039 oAnchise

518 3161 522 3168 ¹
584 3072 630 3140 ab
653 3067 723 3140 hoc
741 3066 907 3140 Anchise.

376 3186 616 3262 Rarissimum
632 3203 685 3263 est
699 3203 734 3260 et
748 3191 925 3284 priscum,
952 3190 1051 3283 quod
1065 3201 1101 3260 et
1113 3188 1264 3261 Priscia-

271 3295 342 3364 nus
359 3293 559 3378 annotavit,
585 3292 763 3386 genitivos
778 3291 975 3386 singulares
991 3292 1183 3364 nominum
1198 3315 1264 3385 pu·

271 3420 401 3467 rorum
416 3397 514 3478 ina,
548 3421 614 3489 per
626 3407 665 3467 as
681 3395 797 3481 exire,
830 3408 872 3465 ut
886 3391 974 3466 haec
988 3393 1108 3480 Maia
1134 3393 1264 3480 Maias,

270 3524 361 3593 pro
364 3497 505 3581 Maiae,
539 3511 575 3568 et
595 3510 735 3570 constat
756 3495 826 3568 hoc
848 3497 1090 3569 aemulatione
1106 3497 1264 3570 Graeco·

269 3598 412 3695 rum‘⁸)
434 3601 532 3685 beri,
573 3603 669 3673 unde
693 3615 746 3673 est
772 3602 949 3693 genitivus
977 3602 1154 3685 familias,
1195 3625 1263 3692 pro

267 3703 443 3776 familiae.
494 3703 665 3795 Virgilius
685 3705 793 3774 etiam
815 3727 922 3775 auras
944 3729 1012 3797 pro
1034 3729 1144 3777 aurae
1165 3704 1264 3794 geni-

269 3810 348 3880 tivo
368 3807 464 3878 iecit.

467 3926 620 3997 Prorsus
641 3927 779 3998 Graeca
800 3926 992 3995 declinatio
1016 3940 1069 3997 est

617 4030 805 4100 nominum
828 4030 868 4097 in
891 4053 922 4100 e.

324 4163 371 4222 ut
383 4144 471 4219 haec
487 4148 665 4241 epitome,
766 4147 908 4233 Latini,
934 4142 1021 4218 baec
1039 4150 1209 4241 epitoma.

375 4246 482 4324 huius
498 4252 674 4344 epitomes
768 4251 827 4323 Sic
845 4264 880 4321 et
895 4264 1100 4343 pentecoste

374 4350 457 4424 huic
473 4354 653 4447 epitomae
766 4346 1008 4448 πεντηκοστή,
1025 4356 1060 4425 id
1078 4367 1141 4440 est,
1157 4353 1260 4448 quin-

365 4452 470 4528 .hauc
487 4457 670 4549 epitomen
767 4456 993 4550 quagesima,

378 4583 400 4628 o
416 4560 590 4651 epitome,
765 4557 925 4651 Euterpe
945 4573 1012 4631 etc.
1062 4625 1064 4632 .

376 4662 422 4731 ab
437 4657 505 4732 hac
520 4663 689 4754 epitome.

663 4781 867 4854 Pluraliter.

580 4879 845 4976 haee'pitomae
907 4903 911 4916 ¹
996 4889 1001 4914 ²

580 4985 710 5058 harum
728 4986 967 5105 epitomarum

580 5087 636 5161 lus
652 5088 819 5181 epitomis
910 5123 912 5128 ·

581 5190 645 5263 has
661 5195 837 5286 epitomas

581 5291 852 5388 oepitomae⁸⁰)

581 5399 626 5467 ab
642 5396 697 5469 his
713 5395 890 5489 epitomis.

303 5649 341 5704 Β
371 5650 556 5773 squuqtsttom
574 5652 761 5712 craecorum]
779 5648 862 5701 tdttt.
879 5649 973 5715 tue,
990 5659 1071 5702 aas.
1089 5647 1261 5701 &seorsus

458 5735 494 5772 fle

304 5822 355 5881 0)
372 5823 426 5873 ute
443 5822 542 5873 voest.
560 5822 631 5886 plur.
650 5821 679 5872 tr
695 5820 780 5874 rsus
795 5818 890 5883 tut,
907 5818 984 5872 tm.
1002 5818 1091 5870 deest

927 623 1052 703 xcvr.
1113 624 1447 714 cmuuanca
1476 624 1669 702 mrnva.
1787 595 1792 605 “

1526 796 1771 885 Sec-unda
1800 797 2106 889 declinatio

1424 945 1466 1016 ln
1500 943 1593 1017 hanc
1623 949 1822 1018 retulerunt
1856 947 1978 1020 Latini
2010 953 2178 1040 nomina,

1320 1049 1383 1118 fini
1385 1062 1452 1120 unt

1477 1176 1523 1221 er
1626 1174 1736 1243 gener

1474 1255 1513 1322 ir
1625 1254 1683 1322 vir

1473 1379 1526 1426 ur
1622 1367 1722 1426 satur
1798 1424 1806 1449 ,

1475 1482 1543 1529 um
1622 1479 1809 1528 scamnum

2220 980 2313 1050 quae

1475 1583 1523 1630 us
1626 1560 1795 1629 dominus

1474 1686 1552 1733 eus
1625 1657 1809 1753 Orpheus
1850 1651 1985 1756 Estque
2001 1660 2091 1789 haec
2105 1666 2242 1739 Graeca
2250 1665 2312 1767 ⁷¹),

1319 1777 1481 1835 caeterae
1496 1762 1650 1835 Latinae
1666 1777 1800 1836 sunt.

1665 1914 1955 2008 Paradigma.

1690 2052 1939 2144 Singulariter.

1628 2149 1687 2223 hic
1703 2153 1872 2226 dominus

1627 2254 1735 2328 huius
1752 2257 1893 2326 domini

1625 2354 1711 2429 huic
1725 2357 1876 2429 domino

1626 2457 1723 2531 hunc
1739 2460 1928 2533 domiuum

1626 2587 1648 2632 o
1666 2564 1812 2633 domine

1628 2665 1674 2733 ab
1688 2659 1759 2734 hoc
1772 2664 1934 2741 domino.

1712 2782 1917 2855 Pluraliter.

1627 2880 1666 2954 bi
1687 2886 1826 2956 domini

1626 2981 1757 3063 borum
1778 2988 2010 3058 dominorum

1624 3082 1682 3161 bis
1695 3090 1853 3162 dominis
2059 3078 2070 3091 '

1624 3186 1693 3264 hos
1715 3192 1883 3267 dominos

1627 3320 1649 3363 o
1664 3296 1804 3368 domini
1819 3294 1867 3392 τι)
1884 3370 1887 3374 ,

1626 3398 1670 3468 ab
1686 3393 1745 3472 bis
1758 3398 1927 3472 dominis.

1418 3533 1497 3604 lloc
1514 3535 1724 3626 paradigma
1747 3536 1909 3625 regulare
1930 3545 2003 3615 est,
2038 3554 2111 3624 quo
2135 3531 2223 3600 fines
2250 3511 2313 3626 cag‘

1315 3655 1421 3708 suum
1437 3636 1661 3728 singulorum
1677 3637 1893 3708 indicantur.
1946 3633 2134 3704 Caeterum
2151 3654 2306 3702 numero

1314 3739 1533 3831 syllabarum
1575 3741 1750 3832 quaedam
1787 3739 1936 3808 nomina
1981 3735 2134 3805 variant.
2210 3731 2304 3806 Nam

1315 3844 1492 3935 quaedam
1507 3856 1679 3933 superant
1693 3841 1957 3911 nominativum
1972 3840 2012 3908 in
2028 3859 2181 3912 numero
2197 3836 2306 3929 sylla-

1314 3945 1443 4015 barum
1459 3944 1498 4014 in
1514 3944 1652 4015 casibus
1665 3945 1831 4040 reliquis,
1858 3945 2036 4037 quaedam
2051 3963 2138 4010 vero
2154 3940 2304 4010 totidem

1314 4047 1460 4141 syllabis
1473 4047 1696 4144 coutenta⁷')
1713 4061 1796 4119 sunt
1818 4048 1857 4116 in
1875 4045 2051 4139 obliquis,
2084 4054 2176 4136 quot
2198 4041 2307 4134 sylla·

1312 4150 1370 4221 bis
1381 4163 1522 4221 constat
1536 4151 1791 4222 nominativus.
1843 4147 2084 4220 lndicabimus
2097 4146 2218 4238 itaque
2238 4140 2304 4213 ho·

1313 4277 1395 4326 rum
1413 4249 1634 4325 discrimina.

1646 4405 1710 4478 De
1737 4403 1969 4477 Genitivo.

1415 4537 1499 4610 Nou
1511 4530 1656 4631 superat
1672 4540 1849 4632 genitivus
1869 4521 2300 4618 nominativum'numero

1313 4641 1550 4735 syllabarum,
1575 4644 1606 4713 si
1623 4643 1714 4739 ειη)
1730 4645 1921 4735 praecedat
1937 4654 2048 4713 muta.

1417 4760 1535 4830 Faber
1547 4762 1660 4846 fabri,
1713 4761 1994 4843 cancercancri,
2047 4761 2144 4827 vafer
2159 4756 2265 4840 vafri,

1414 4865 1511 4955 Ager
1524 4864 1621 4955 agri,
1705 4888 1794 4956 aper
1809 4863 1908 4956 apri,
1989 4865 2166 4936 -Auster
2179 4858 2304 4931 austri.

1704 4982 1882 5076 *Exciper
1955 5005 1959 5012 ’

1415 5100 1523 5171 Liber
1544 5101 1686 5189 Liberi,
1725 5129 1792 5196 pro
1815 5099 1979 5187 Baccho,
2022 5115 2057 5172 et
2088 5100 2306 5171 adiectivum

1312 5201 1422 5288 liber,
1448 5204 1564 5277 liberi.

1269 5468 1281 5478 -
1346 5435 1396 5506 10)
1412 5439 1522 5491 osseos
1528 5441 1554 5505 ,1
1570 5397 1665 5494 uls.
1681 5451 1724 5493 s:
1752 5442 1861 5494 erasm
1877 5441 2051 5510 amussis,

1344 5540 1580 5608 mutaverat.
1600 5544 1671 5606 plur.
1690 5544 1828 5595 ebEdtt
1844 5545 1938 5611 15η,
1961 5546 2035 5598 tm.
2054 5549 2146 5603 abest.

1345 5642 1556 5766 ”lgffiml
1572 5645 1614 5698 stc
1630 5646 1681 5700 lut
1697 5648 1791 5712 Μ,
1815 5647 2007 5718 multet-528,
2027 5651 2119 5717 tm,
2137 5663 2213 5702 ιιι
2232 5659 2301 5701 oon-

1344 5815 1396 5879 n)
1413 5819 1460 5879 er]
1481 5817 1532 5873 us.
1545 5817 1623 5874 1520.
1639 5832 1656 5872 r
