5534 6700
364 574 442 648 tot
995 568 1353 644 ADDITAMENTA
1377 570 1446 644 AD
1469 570 1611 645 vote.
1637 570 1763 646 1-x.
2315 566 2397 649 00³4

363 744 561 816 immensae
581 740 778 813 altitudinis
799 752 835 811 et
855 740 1059 832 rapiditatis
1078 742 1244 836 pervium
1259 743 1355 828 fecit,
1507 741 1648 813 Deinde
1667 744 1733 816 etsi
1749 745 1858 816 sacris
1874 742 2013 835 scriptis
2027 744 2220 837 praecipue
2235 745 2398 817 creditur

363 842 436 917 hoc
461 860 531 931 est,
564 856 715 915 mortem
747 867 788 913 ae
810 842 992 914 diabolum
1017 844 1125 929 vicit,
1156 845 1247 916 sicut
1271 868 1353 914 arca
1404 857 1554 935 propter
1576 845 1714 931 Deum,
1741 860 1904 918 autorem
1929 848 2026 919 illius
2041 847 2160 930 verbi,
2188 856 2224 916 et
2243 861 2397 940 propter

363 949 539 1032 foederis,
565 946 627 1017 ubi
651 946 809 1038 primum
826 970 845 1015 a
863 948 1106 1017 sacerdotibus
1123 948 1218 1017 intra
1234 946 1352 1039 ripam
1404 946 1648 1018 testimonium
1671 948 1869 1035 Ecclesiae,
1903 962 2025 1019 tamen
2046 972 2122 1018 non
2140 949 2270 1019 leviter
2284 950 2398 1021 etiam

363 1077 475 1122 unam
495 1046 660 1120 Iordanis
681 1044 817 1139 perlata
836 1048 922 1135 fuit,
948 1070 1033 1119 mox
1047 1050 1181 1120 flumen
1198 1048 1352 1119 divisum
1404 1051 1664 1122 confirmantur
1680 1052 1791 1120 animi
1805 1054 1962 1145 piorum,
1987 1065 2029 1122 ut
2043 1051 2182 1122 firmius
2198 1052 2400 1123 assentian-

364 1166 436 1245 est,
468 1153 517 1222 ita
542 1165 583 1223 ut
609 1174 723 1247 aquae
749 1152 880 1243 partim
905 1152 943 1220 in
969 1176 1066 1222 mare
1087 1164 1270 1221 mortuum
1292 1152 1353 1220 de-
1404 1161 1463 1220 tnr
1483 1153 1591 1223 saeris
1612 1149 1792 1237 historiis,
1823 1180 1903 1225 eum
1926 1155 2051 1223 vident
2075 1154 2112 1222 in
2134 1153 2288 1224 aliarum
2312 1178 2399 1247 gen·

363 1234 536 1340 fluerent,
566 1255 698 1347 partim
721 1267 845 1324 eontra
869 1262 1036 1324 naturam
1054 1278 1154 1324 suam
1171 1255 1297 1345 procul
1314 1254 1352 1321 in
1404 1253 1493 1323 tium
1516 1251 1674 1325 historiis
1698 1257 1827 1326 alieubi
1849 1259 1971 1325 eadem
1992 1257 2085 1325 faeta
2112 1255 2292 1349 copiosius
2313 1280 2399 1327 nar-

363 1356 546 1429 eelsissimi
557 1356 688 1428 montis
699 1355 923 1426 altitudinem
934 1356 1353 1439 collectaesubsisterent,
1405 1355 1498 1439 rari,
1524 1382 1615 1449 quae
1630 1358 1668 1426 in
1682 1357 1809 1429 Bibliis
1824 1359 1980 1428 breviter
1993 1357 2309 1450 perstringuntur,
2335 1362 2399 1429 ali-

363 1484 406 1533 ae
422 1461 559 1555 populo
574 1458 764 1529 transitum
783 1471 899 1528 tutum
917 1470 952 1528 et
965 1460 1105 1528 facilem
1127 1460 1352 1549 praeberent.
1405 1458 1485 1527 cubi
1502 1472 1649 1530 eventus
1665 1460 1745 1532 illos
1762 1463 1899 1553 prolixe
1914 1461 2056 1552 exponi,
2083 1460 2146 1553 qui
2164 1461 2272 1552 longe
2289 1471 2398 1533 antea

465 1563 520 1634 Ex
550 1559 620 1632 hoc
652 1562 760 1631 unico
791 1562 953 1653 exemplo
977 1574 1065 1652 puto
1089 1562 1174 1631 satis
1196 1561 1354 1650 conspici
1405 1556 1668 1651 Prophetarum
1684 1563 1861 1634 vaticiniis
1872 1575 1956 1633 sunt
1967 1563 2154 1655 praedicti,
2168 1576 2205 1633 et
2216 1586 2397 1658 nusquam

246 1724 249 1729 4
362 1689 482 1759 posse,
507 1677 683 1761 quantum
697 1663 786 1734 lueis
802 1663 978 1755 accipiant
993 1659 1174 1753 historiae,
1201 1674 1353 1757 quanto·
1404 1673 1526 1731 tamen
1542 1663 1580 1731 in
1595 1665 1704 1735 saeris
1720 1665 1821 1736 libris
1836 1666 1940 1757 plene
1956 1678 2302 1738 commemorantur.

364 1792 435 1863 que
450 1763 696 1837 vehementius
712 1778 882 1834 moveant
899 1768 1059 1850 animos,
1085 1765 1115 1836 si
1130 1763 1200 1833 loei
1214 1778 1249 1834 et
1263 1777 1353 1834 tem·
1506 1780 1575 1852 sed
1598 1783 1706 1854 nimis
1727 1784 1875 1876 longum
1901 1796 2010 1863 esset,
2037 1797 2073 1853 et
2087 1784 2245 1856 alienum
2265 1788 2312 1856 ab
2328 1783 2398 1857 hoc

361 1869 463 1963 poris
478 1864 547 1939 hoc
562 1873 673 1940 modo
687 1868 758 1938 illis
771 1868 924 1938 addatur
939 1867 1189 1938 consideratio.
1406 1881 1589 1966 institam,
1629 1909 1753 1958 omne,
1782 1882 1840 1955 hic
1868 1910 1990 1957 causas
2018 1910 2251 1973 enumerare,
2286 1914 2401 1985 qum

466 1971 622 2063 Propter
649 1966 743 2039 hanc
772 1968 883 2060 igitur
904 1994 1048 2040 causam
1073 1969 1202 2051 etiam,
1236 1980 1276 2038 ul
1297 1990 1354 2037 ¹⁸⁸
1406 1984 1513 2055 etiam
1528 1983 1764 2058 Ethnicarum
1782 1984 2014 2059 historiarum
2031 1987 2221 2059 lectionem
2238 1980 2321 2061 eum
2336 1990 2402 2061 Bi-

364 2086 483 2168 gestae
506 2074 631 2145 melius
659 2071 925 2163 intelligantur,
960 2086 995 2141 θῑ
1017 2072 1130 2162 ¹¹¹³ng
1159 2069 1353 2160 ledessfiuffl
1404 2086 1485 2157 bliis
1501 2089 1669 2181 coniungi
1685 2090 1800 2182 prosit
1815 2104 1850 2160 et
1868 2103 2045 2184 oporteat,
2066 2116 2147 2162 cum
2162 2094 2196 2163 id
2213 2117 2232 2161 a
2249 2094 2402 2165 nemine

364 2177 506 2247 animos
528 2177 703 2259 afficiant,
729 2174 876 2266 Pr⁰dest
897 2170 1028 2244 h³b²¹⁸
1043 2186 1209 2265 Paralum
1228 2172 1355 2242 Galen·
1406 2213 1494 2260 sano
1512 2190 1558 2260 sit
1572 2193 1610 2259 in
1628 2194 1908 2265 controversiam
1924 2206 2110 2277 vocatum,
2140 2195 2261 2289 etipsa
2284 2198 2401 2269 series

363 2278 526 2361 darium,
554 2278 593 2346 5¹¹
627 2301 699 2372 (1¹¹⁰
734 2277 909 2346 θῑΰδῐῃθᾶἷ
942 2276 1134 2367 ἷΰδῖὲῃῑῡῐῃ
1162 2285 1354 2392 ⁸V²¹¹¹¹¹¹Jm
1405 2287 1660 2377 historiarum,
1688 2320 1779 2389 quae
1805 2307 1944 2380 extant,
1969 2308 2130 2380 testetur,
2156 2298 2328 2371 divinitus
2348 2302 2401 2370 ita

364 2382 441 2453 dies
459 2393 622 2463 annotes,
649 2391 684 2448 et
697 2380 830 2449 factum
847 2379 964 2471 ipsum
984 2379 1141 2448 breviter
1158 2400 1354 2446 memorrae
1406 2394 1539 2464 factum
1554 2419 1641 2479 esse,
1665 2408 1705 2467 up
1718 2397 1777 2465 ina
1794 2398 2020 2489 potissimum
2038 2412 2273 2471 monumenta
2286 2398 2401 2473 histo.

364 2508 470 2556 causa
488 2482 707 2598 adscribas..
1040 2581 1050 2599 ο
1215 2581 1224 2596 .
1255 2581 1263 2596 ι
1407 2496 1564 2566 ricorum
1589 2512 1888 2569 conservarentur
1917 2501 1955 2569 in
1977 2500 2156 2586 Ecclesia,
2191 2527 2286 2598 quae
2316 2504 2400 2573 inde

470 2584 573 2654 lianc
587 2605 779 2677 praectpue
795 2583 841 2650 ob
856 2606 1001 2652 causam
1015 2576 1356 2651 Vldebarmssssnffll
1407 2597 1550 2669 initium
1567 2624 1686 2670 rerum
1703 2603 2016 2673 describendarum
2035 2617 2193 2690 sumunt,
2219 2605 2400 2677 ubisaera

365 2710 514 2791 prorsus
530 2686 704 2756 inutiliter
718 2686 896 2769 facturus,
921 2686 951 2755 si
968 2685 1088 2777 pueris
1104 2686 1258 2753 formam
1275 2682 1356 2751 talis
1407 2696 1557 2772 historia
1590 2703 1738 2789 desinit,
1774 2716 1809 2773 et
1837 2705 1935 2775 ium
1962 2718 2166 2799 temporum
2193 2708 2325 2779 geriem
2344 2732 2403 2779 m

366 2788 573 2863 Calendarii
588 2811 850 2882 proponerem,
875 2801 911 2857 et
926 2787 1072 2856 adiectis
1087 2786 1224 2879 aliquot
1240 2809 1356 2854 exem·
1409 2803 1535 2874 ordine
1561 2805 1717 2897 primum
1742 2806 1944 2892 affigetis,
1979 2822 2101 2900 postea
2122 2835 2142 2879 a
2165 2808 2328 2894 Latinis,
2355 2811 2404 2879 ad

365 2894 435 2986 plis
468 2892 661 2984 insignium
695 2893 894 2972 factorum,
935 2891 1084 2958 ¹¹¹⁰d1¹m
1120 2889 1357 2969 &tenderent
1408 2918 1568 2977 nostram
1589 2933 1701 3003 usque
1718 2910 1931 2978 memoriam
1950 2911 2141 3003 descriptas
2161 2914 2367 2982 continent.

368 3020 474 3091 quem
503 2996 542 3063 in
573 2993 790 3063 annotandis
821 2991 951 3061 talibus
972 2988 1130 3061 historiis
1151 2991 1251 3083 sequi
1276 3014 1356 3080 pos-

367 3098 451 3169 sint.
502 3095 575 3163 Alii
598 3094 807 3186 peritiores„
833 3093 895 3187 qui
919 3118 984 3184 per
1007 3119 1044 3162 se
1063 3089 1131 3161 hoc
1146 3092 1240 3161 idern
1257 3091 1356 3161 fecis-

367 3210 448 3268 sent
467 3197 615 3279 melius,
640 3196 748 3264 etiam
773 3219 848 3262 non
872 3194 1066 3276 admoniti,
1092 3195 1199 3286 (sieut
1218 3218 1274 3263 res
1292 3205 1356 3276 est,

367 3312 410 3373 ut
431 3299 564 3370 nullius
587 3298 780 3368 admodum
806 3295 960 3388 ingenii,
992 3295 1041 3365 ita
1059 3296 1193 3366 laboris
1215 3295 1355 3365 nonita

367 3403 509 3498 magni)
541 3425 605 3469 nec
640 3415 761 3470 tamen
794 3401 830 3467 id
857 3396 973 3468 adhuc
1001 3400 1120 3468 eonati
1146 3411 1248 3482 sunt,
1287 3394 1356 3467 hoc

368 3505 532 3596 exemplo
547 3515 671 3574 nostro
687 3501 847 3573 fortassis
861 3502 1122 3585 movebuntur,
1147 3513 1188 3570 ut
1202 3501 1271 3569 tale
1289 3500 1356 3570 Ca·

365 3607 569 3678 lendarium
585 3607 642 3675 vel
657 3605 879 3676 artificiosius
898 3603 1045 3697 aliquod
1058 3604 1126 3675 sibi
1143 3603 1209 3693 ipsi
1226 3603 1356 3673 deseri-

366 3712 452 3781 bere
487 3721 680 3778 maturent.
731 3703 854 3801 'Quod
885 3706 916 3777 si
947 3707 1094 3790 facient,
1130 3705 1356 3796 experientur

368 3812 550 3905 prolecto,
575 3809 643 3880 sibi
662 3809 760 3877 illam
783 3832 930 3900 operam
944 3831 1018 3876 non
1035 3808 1127 3877 male
1146 3808 1355 3876 collocatam

367 3913 496 3995 fuisse,
530 3924 565 3980 et
587 3935 671 3981 suae
694 3911 898 4000 diligentiae
922 3911 1076 4003 aliquem
1100 3912 1253 3979 fructum
1274 3933 1355 3977 eum

369 4016 553 4107 voluptate
574 4013 801 4081 coniunctum
821 4012 1068 4104 reportabunt.

471 4114 547 4186 Etsi
576 4127 694 4185 autem
721 4113 923 4185 Calendarii
953 4112 1143 4205 descriptio
1166 4112 1356 4205 praecipue

367 4218 507 4291 institui
528 4217 632 4286 debet
646 4229 794 4309 propter
809 4217 995 4286 lectionem
1011 4215 1229 4284 Biblicarum
1246 4210 1357 4286 histo-

367 4322 518 4405 riarum,
541 4332 582 4389 ut
596 4319 672 4390 dies
686 4319 753 4411 ipsi
768 4344 835 4389 nos
850 4319 999 4389 subinde
1015 4320 1058 4387 de
1075 4317 1273 4407 insignibus
1288 4317 1356 4388 Dei

368 4423 551 4516 operibus,
577 4446 669 4515 quae
685 4420 861 4491 Ecclesiae
880 4416 1035 4490 exhibita
1053 4445 1126 4491 esse
1141 4420 1191 4487 ibi
1206 4420 1355 4511 legimus
1379 4450 1384 4486 t

368 4539 404 4596 et
423 4528 695 4605 annotavimus,
722 4524 1060 4607 commonefaciant,
1086 4536 1121 4592 et
1141 4523 1220 4612 pios
1240 4524 1278 4591 in
1290 4547 1356 4593 no·
1378 4557 1383 4614 2

364 4627 420 4699 bis
435 4640 554 4697 motus
569 4625 781 4708 mussitent,
806 4627 905 4720 quod
923 4626 998 4696 sine
1016 4626 1267 4715 superstitione
1283 4628 1354 4696 nlla
1426 4684 1434 4700 .

365 4732 443 4801 fieri
463 4753 568 4823 posse
590 4742 626 4798 et
646 4728 776 4796 debere
797 4729 876 4797 sani
899 4753 1022 4797 omnes
1043 4728 1266 4797 fatebuntur:
1301 4740 1354 4798 ta-

364 4841 450 4902 'men
474 4832 582 4903 etiam
604 4830 693 4900 alios
714 4855 798 4899 usus
820 4831 990 4922 praebere
1013 4831 1117 4900 nobis
1140 4830 1248 4899 semel
1271 4855 1354 4899 con·

350 4936 494 5004 'fectum
528 4934 599 5004 tale
623 4932 874 5003 calendarium
899 4946 1035 5024 potest,
1076 4956 1230 5026 quorum
1259 4934 1352 5002 ratio

364 5036 497 5126 negligi
512 5053 587 5105 non
601 5036 705 5105 debet
723 5036 766 5104 ab
783 5060 838 5119 eo,
864 5035 927 5130 qui
942 5036 1092 5105 aliarum
1109 5059 1253 5128 quoque
1269 5058 1353 5125 gen·

363 5138 456 5208 tium
480 5134 646 5208 historias
670 5163 749 5208 eum
772 5137 880 5209 sacris
898 5137 1165 5228 coniungendas
1181 5161 1255 5207 esse
1273 5162 1352 5206 een-

363 5239 475 5322 sebit,
510 5243 605 5331 quod
629 5241 773 5334 quidem
797 5241 986 5330 diligenter
1007 5243 1123 5309 facere
1143 5264 1219 5308 non
1241 5242 1351 5309 modo

362 5344 451 5413 utile
479 5353 551 5423 est,
585 5346 644 5410 sed
671 5344 778 5411 etiam
801 5344 1051 5415 necessarium.
1115 5341 1229 5411 Multa
1254 5344 1349 5411 enim

361 5458 444 5518 sunt
470 5444 507 5512 in
523 5440 747 5534 Prophetieis
768 5447 906 5537 scriptis
922 5445 1198 5538 posterioribus,
1223 5445 1260 5512 in
1277 5446 1351 5536 pri-

360 5550 429 5619 mis
445 5561 563 5616 antem
583 5546 621 5613 in
640 5548 844 5635 apostolicis
860 5549 1140 5629 narrationibus,
1167 5573 1258 5638 quae
1273 5575 1349 5618 stne

1510 3025 1588 3095 lloc
1613 3052 1693 3097 eum
1717 3029 1765 3096 ita
1790 3053 1862 3098 esse
1886 3042 2035 3113 constet,
2062 3031 2129 3098 erit
2144 3026 2203 3098 hie
2218 3031 2316 3101 alius
2336 3028 2405 3100 Ca·

1407 3126 1580 3213 lendarii,
1615 3132 1712 3223 quod
1735 3131 1989 3223 proponimus,
2019 3157 2102 3201 usus
2124 3155 2201 3199 non
2223 3130 2402 3222 vulgaris,

1409 3231 1507 3322 quod
1527 3230 1645 3301 licebit
1669 3246 1703 3301 et
1726 3235 1899 3303 conducet
1917 3234 1955 3302 in
1971 3235 2096 3302 eodem
2117 3245 2299 3302 annotare
2316 3233 2400 3316 dies,

1409 3331 1538 3425 quibus
1554 3332 1709 3425 insignes
1723 3335 1851 3421 clades,
1878 3350 1941 3406 aut
1957 3334 2128 3405 victoriae
2142 3334 2301 3406 aliarum
2318 3360 2399 3428 gen-

1409 3433 1497 3502 tium
1517 3449 1614 3505 extra
1629 3435 1822 3508 Ecclesiam
1839 3439 2007 3508 accidisse
2024 3439 2209 3529 leguntur,
2242 3462 2335 3531 quac
2349 3437 2398 3505 di·

1408 3534 1552 3626 ligentia
1570 3539 1635 3607 etsi
1651 3539 1780 3609 frivola
1797 3539 1910 3608 videri
1925 3539 2104 3635 aliquibus
2121 3552 2254 3632 potest,
2281 3553 2398 3609 tamen

1408 3662 1482 3706 non
1502 3636 1611 3724 mihi,
1644 3643 1705 3711 sed
1728 3642 1806 3712 aliis
1829 3641 2060 3734 peritioribus
2082 3641 2190 3711 velim
2213 3666 2235 3711 a
2250 3639 2398 3714 iuniori·

1407 3741 1473 3809 bus
1490 3736 1558 3810 hoc
1575 3744 1691 3828 credi,
1718 3768 1865 3835 magnas
1884 3744 1959 3816 eius
1976 3745 2085 3815 studii
2101 3743 2210 3814 etiam
2229 3743 2397 3814 utilitates

1408 3867 1512 3934 posse
1530 3869 1717 3916 recenserr.

1510 3962 1603 4034 Nam
1627 3967 1674 4033 ad
1696 3990 1839 4036 morum
1857 3965 2155 4057 gubernationem
2171 3988 2250 4034 non
2264 3963 2398 4032 medio·

1409 4064 1515 4138 eriter
1549 4068 1735 4152 conducit,
1772 4068 1922 4139 subinde
1954 4068 2087 4140 intueri
2121 4069 2159 4137 in
2186 4066 2399 4162 antiquitate

1409 4181 1556 4240 eventus
1573 4170 1748 4261 insignes,
1774 4172 1837 4264 qui
1852 4183 1914 4240 aut
1928 4171 2012 4242 totis
2029 4168 2318 4262 rebuspuhlicis,
2341 4181 2400 4239 aut

1409 4297 1531 4343 earum
1561 4274 1881 4363 gubernatoribus,
1921 4274 2116 4368 aliquando
2139 4274 2307 4365 ipsorum
2331 4271 2399 4340 cul·

1407 4400 1475 4468 pa,
1501 4375 1695 4470 aliquando
1709 4376 1876 4446 fortunae
1892 4375 2153 4459 inconstantia,
2180 4375 2396 4444 aeciderunt.

1406 4480 1559 4550 Prodest
1590 4476 1837 4562 considerare,
1875 4503 1918 4547 ex
1946 4504 2054 4574 quam
2087 4478 2262 4549 tenuibus
2292 4474 2397 4544 initiis

1406 4582 1563 4651 maxima
1586 4581 1736 4673 imperia
1761 4582 1955 4676 aliquando
1975 4582 2047 4658 sint
2068 4592 2217 4666 exorta,
2243 4591 2283 4649 et
2302 4577 2397 4648 vicis·

1406 4709 1494 4767 sim,
1536 4707 1644 4775 quam
1677 4683 1815 4754 levibus
1848 4684 2092 4755 occasionibus
2122 4680 2395 4753 florentissimae

1405 4786 1626 4878 respublicae
1650 4785 1845 4880 aliquando
1871 4788 2078 4857 desummo
2109 4784 2302 4878 potentiae
2323 4806 2395 4875 gra-

1405 4892 1454 4961 du
1478 4889 1550 4960 sint
1571 4889 1738 4958 deiectae.
1789 4888 1927 4959 Harum
1951 4889 2197 4959 mutationum
2221 4888 2254 4958 si
2276 4908 2394 4956 causae

1406 4992 1512 5062 etiam
1530 4991 1563 5089 ⁸)
1588 5004 1623 5061 et
1643 4991 1846 5062 occasiones
1867 4992 1974 5061 simul
1996 4990 2299 5074 considerantur,
2324 4986 2394 5057 lieri

1404 5118 1478 5163 non
1494 5106 1624 5186 potest,
1639 5094 1726 5186 quin
1740 5093 1779 5162 in
1793 5093 1922 5163 animis
1930 5094 2125 5165 liberaliter
2141 5092 2322 5165 institutis
2330 5089 2394 5161 exi·

1403 5209 1474 5268 stat
1492 5196 1660 5287 cogitatio
1675 5198 1717 5264 de
1732 5196 1924 5288 fragilitate
1939 5221 2059 5266 rerum
2074 5191 2339 5278 humanarum,
2355 5193 2393 5262 dt

1374 5297 1379 5385 l
1403 5300 1629 5393 providentia
1652 5311 1687 5366 et
1708 5299 1840 5369 iustitia
1857 5298 1946 5383 Dei,
1969 5299 2154 5390 punientis
2172 5298 2315 5370 atrocia
2330 5319 2390 5366 see·

1374 5386 1378 5520 Ι
1402 5408 1476 5474 lera
1493 5401 1645 5495 publicis
1662 5413 1695 5469 et
1710 5402 1858 5493 privatis
1875 5402 2152 5485 calamitatibus,
2181 5416 2221 5473 et
2241 5397 2385 5474 ornantis

1293 5550 1301 5564 ·
1373 5523 1377 5568 ¹
1401 5506 1640 5597 singularibus
1666 5504 1879 5576 successibus
1901 5529 1980 5588 eos,
2013 5504 2077 5599 qui
2099 5505 2246 5578 virtute
2271 5518 2305 5576 et
2322 5499 2384 5570 aliis

362 5651 567 5742 cognitione
601 5672 809 5740 graecarum
848 5663 882 5717 et
914 5675 1146 5719 romanarum
1182 5648 1373 5729 historia,
1400 5680 1606 5697 ·-----·-

360 5779 441 5825 rum
458 5778 574 5849 neque
593 5751 742 5843 intelligi
759 5776 875 5846 neque
892 5753 1057 5842 explicari
1071 5766 1231 5843 possunt.

1368 5760 1372 5820 .'
1435 5785 1467 5848 t)
1485 5796 1588 5838 musac
1606 5783 1704 5846 ctiam]
1722 5784 1764 5837 ste
1782 5787 1833 5839 lid.
1846 5785 1890 5851 2.;
1912 5785 1964 5837 Ed.
1977 5785 2002 5838 t.
2021 5783 2104 5837 etim
2122 5796 2240 5841 ausae
2438 5739 2444 5822 i
