5534 6700
463 557 539 631 ιιι
1060 499 1209 631 anu.
1237 558 1350 631 ιιιιι.
1378 553 1582 631 scaram
1608 503 1876 629 nurontm
2427 563 2505 635 aso

463 743 504 800 ut
540 734 652 820 magis
680 732 863 800 irruniatur
889 730 1101 813 concordia,
1146 731 1232 800 duxi
1258 730 1363 799 initio
1391 754 1455 799 vos
1508 728 1642 796 bonam
1677 725 1811 818 Belgici
1838 742 1977 819 partem
2004 741 2039 796 et
2065 727 2251 821 Sequanos
2278 727 2503 806 invaserunt.

376 840 379 845 ’
463 825 705 903 cohortandos
730 855 823 912 esse,
855 844 913 911 ut,
945 832 1156 927 priusquam
1183 834 1221 901 in
1243 831 1454 923 suffragium
1507 827 1672 922 Denique
1688 830 1809 900 multis
1826 831 1958 922 ubique
1975 829 2162 921 praesidiis
2183 843 2291 924 atque
2308 855 2504 906 ornamen-

462 933 556 1015 itur,
590 937 683 1004 inter
705 957 772 1003 nos
793 956 832 1002 re
849 933 1051 1024 disputata,
1077 937 1202 1005 demus
1218 957 1389 1027 operam,
1415 946 1456 1004 ut
1508 932 1553 1001 tis
1574 931 1734 1013 amissis,
1761 945 1884 1023 postea
1908 956 1975 1001 nec
1998 933 2147 1002 caeteris
2165 932 2374 1009 nationibus
2390 961 2502 1030 opem

463 1034 626 1105 omnium
644 1035 813 1126 suffragia
833 1037 1068 1108 consentiant.
1120 1038 1236 1107 Multa
1255 1038 1293 1106 in
1309 1033 1454 1106 bacna·
1505 1035 1599 1103 ferre
1618 1032 1800 1125 potuimus
1814 1049 1855 1104 ut
1870 1048 1996 1117 antea,
2023 1059 2087 1105 nec
2103 1034 2261 1126 Regibus
2277 1036 2358 1108 aliis
2374 1040 2504 1110 formi-

461 1134 561 1209 tione
582 1139 674 1208 bella
700 1137 840 1218 civilia,
873 1139 978 1229 plena
1003 1141 1243 1223 crudelitatis,
1277 1154 1311 1209 et
1335 1138 1455 1231 perni-
1506 1135 1809 1219 dahilesfuimus,
1836 1151 1876 1207 ut
1892 1137 1990 1207 olim.

461 1237 555 1313 ciosa
581 1241 649 1311 toti
670 1240 751 1309 orbi
773 1253 972 1325 terrarum,
997 1255 1032 1310 et
1047 1256 1240 1337 antequam
1263 1242 1454 1312 concilium
1608 1238 1733 1308 Potest
1755 1252 1789 1307 et
1809 1239 1892 1309 inde
1915 1241 2115 1323 aestimari,
2142 1264 2252 1334 quarn
2267 1242 2451 1315 funestum
2467 1262 2503 1317 et

459 1338 666 1416 Electorum
682 1343 913 1413 constitutum
930 1357 981 1414 est
996 1357 1031 1412 et
1046 1359 1189 1437 postea,
1214 1359 1364 1437 propter
1377 1369 1455 1416 suc
1506 1340 1708 1411 luctuosum
1725 1341 1856 1412 bellum
1879 1342 2015 1432 patriae
2031 1343 2159 1427 fuerit,
2186 1345 2314 1437 quod
2303 1368 2342 1413 ιιι
2360 1370 2403 1416 eo
2426 1372 2501 1418 non

461 1450 657 1520 cessionem
685 1459 748 1515 aut
768 1446 1021 1538 suffragiorum
1042 1448 1389 1561 dissimilitudinem,
1415 1447 1454 1514 in
1507 1443 1623 1512 solum
1659 1444 1763 1513 multi
1802 1445 1945 1535 profani
1979 1445 2158 1537 principes
2192 1446 2370 1517 interfecti
2404 1464 2503 1534 sunt,

461 1543 635 1631 electione
652 1561 873 1619 exarserunt.
1309 1600 1314 1619 .
1506 1541 1721 1636 Rodolpbus
1735 1545 1819 1615 Dux
1832 1546 2005 1631 Suevrae
2030 1546 2117 1617 Otto
2133 1547 2216 1618 Dux
2229 1548 2427 1634 saxoniae,
2461 1565 2501 1622 et

467 1730 469 1734 ,
563 1650 750 1722 Ludovico
785 1651 846 1743 pio
879 1651 972 1720 lilius
1000 1649 1194 1723 Lotharius
1227 1664 1375 1722 conatus
1403 1662 1456 1720 est
1507 1645 1869 1718 GerardusLotharii
1886 1662 2007 1740 pater,
2038 1649 2214 1741 Egbertus
2230 1648 2396 1722 Marchio
2409 1653 2501 1725 Mis·

459 1781 610 1848 regnum
635 1755 785 1845 eripere.
845 1751 960 1845 Capto
983 1767 1085 1846 patre
1110 1768 1233 1847 postea
1259 1749 1455 1823 Lotharius
1506 1749 1643 1829 nensis;
1670 1752 1733 1820 sed
1748 1752 1856 1821 etiam
1874 1752 2042 1821 trucidati
2056 1767 2141 1823 sunt
2159 1754 2300 1847 aliquot
2316 1754 2501 1848 Episcopi,

462 1857 623 1931 conflixit
653 1881 734 1925 cum
764 1855 935 1925 fratribus
960 1869 1034 1926 tam
1057 1858 1245 1940 atrociter,
1287 1870 1326 1928 ut
1349 1857 1388 1925 in
1412 1879 1454 1925 eo
1507 1875 1598 1946 quos
1615 1853 1741 1944 religio
1760 1856 1930 1925 adversus
1943 1855 2120 1925 bellorum
2137 1856 2287 1929 iniurias
2307 1859 2499 1929 defendere

460 1960 599 2056 praelio
620 1957 844 2027 Francorum
870 1957 964 2029 vires
993 1961 1083 2030 adeo
1110 1960 1263 2030 afflictae
1289 1960 1381 2042 sint,
1414 1970 1456 2028 nt
1507 1955 1669 2025 debebat.
1722 1955 1813 2025 Sunt
1838 1958 1934 2025 enim
1957 1958 2063 2028 occisi
2054 1958 2255 2051 Episcopi
2281 1960 2500 2053 Magdebur·

460 2077 585 2158 postea
607 2062 713 2131 decus
728 2058 875 2151 Imperii
891 2061 983 2130 tueri
1003 2087 1078 2132 non
1094 2062 1291 2154 potuerint.
1343 2061 1455 2132 Saxo·
1505 2057 1622 2149 gensis
1649 2068 1685 2127 et
1705 2057 1978 2130 vormatiensis.
2041 2061 2098 2131 Ad
2121 2058 2209 2131 haec
2231 2063 2326 2132 mala
2351 2062 2501 2134 accessit

334 2166 336 2171 ’
460 2191 525 2238 nes
547 2164 677 2234 deinde
698 2187 821 2232 rerum
844 2163 951 2254 potiti
973 2179 1075 2248 sunt,
1106 2190 1197 2258 quos
1221 2175 1456 2235 exercuerunt
1508 2171 1542 2228 et
1554 2154 1779 2251 perturbatio
1793 2162 2027 2254 religionum,
2053 2178 2089 2232 et
2111 2159 2274 2234 schisma.
2325 2164 2499 2235 Secutum

461 2267 680 2360 asperrimae
715 2265 920 2337 seditiones.
984 2267 1164 2338 Adversus
1197 2267 1391 2338 Henricum
1426 2263 1454 2336 l.
1507 2275 1559 2332 est
1574 2263 1672 2331 aliud
1687 2262 1842 2348 bellum,
1869 2279 1988 2335 ortum
2008 2291 2050 2335 ex
2065 2266 2354 2337 dissimilitudine
2369 2267 2500 2338 suffra·

461 2374 534 2445 dux
551 2368 729 2438 Bavariae
747 2368 929 2439 Arnoldus
952 2368 1085 2440 bellum
1105 2372 1245 2454 movit,
1281 2373 1380 2464 quod
1402 2381 1454 2437 ta-
1506 2364 1647 2455 giorum
1673 2364 1712 2433 in
1740 2317 1934 2451 electione,
1975 2369 2069 2438 inter
2094 2369 2302 2442 Conradum
2327 2369 2500 2453 Suevum,

460 2496 546 2545 men
567 2471 816 2541 moderatione
832 2467 979 2539 Henrici
1004 2472 1074 2541 cito
1094 2474 1258 2543 sedatum
1277 2485 1340 2543 est.
1393 2471 1454 2541 Se·
1507 2479 1542 2535 et
1554 2464 1769 2538 Lotharmm
1787 2468 1985 2554 Saxonem,
2010 2475 2128 2565 quod,
2153 2485 2347 2566 postquam
2365 2473 2499 2541 multae

462 2599 575 2671 quens
592 2574 747 2657 bellum,
781 2575 880 2666 quod
896 2570 1269 2693 Lotharingusmovit
1284 2579 1454 2645 adversus
1506 2571 1644 2640 urbes
1634 2595 1672 2638 ιιι
1695 2571 1848 2664 imperio
1868 2574 1905 2640 vi
1928 2587 2053 2666 captae
2075 2588 2177 2659 sunt,
2207 2577 2399 2645 autoritate
2422 2573 2500 2643 divi

460 2675 664 2759 Othonem,
704 2688 745 2745 ut
765 2675 939 2745 Francico
971 2678 1113 2746 nomini
1133 2679 1326 2770 imperium
1353 2677 1455 2748 resti.-
1505 2668 1710 2742 Bernlrardi
1731 2677 1893 2745 sedatum
1915 2689 1978 2746 est.
2030 2675 2171 2749 Exarsit
2186 2678 2298 2746 multo
2316 2676 2500 2746 crudelius

460 2792 597 2862 tuerat,
624 2801 738 2849 annos
754 2778 899 2847 duravit
912 2804 991 2860 sex
1026 2790 1149 2874 estque
1166 2780 1361 2852 Germania
1380 2781 1455 2848 foe·
1504 2775 1674 2844 bellum
1663 2789 1758 2845 rnter
1781 2773 1990 2871 Philippum
2015 2793 2052 2849 et
2072 2779 2244 2850 Ottonem
2266 2777 2326 2850 [v.
2346 2792 2500 2896 propter

461 2883 540 2955 de
529 2881 605 2973 rgni
627 2905 669 2949 ac
691 2882 788 2950 ferro
812 2893 971 2965 vastata,
998 2885 1114 2952 donec
1135 2886 1181 2952 ad
1199 2897 1398 2954 extremum
1415 2881 1454 2949 in
1505 2874 1712 2948 Electorum
1739 2879 1967 2951 discordiam.
2032 2882 2182 2977 Aliquot
2212 2882 2357 2974 procliis
2382 2881 2501 2951 victus

461 2986 537 3055 acie
553 2984 759 3054 interfectus
774 2979 1017 3075 Lotharingus
1032 2986 1250 3077 pertinaciae
1265 3008 1350 3056 suae
1365 3007 1454 3082 ppe—
1506 2978 1594 3048 Otto
1626 2981 1718 3072 fugit
1749 3006 1792 3051 ex
1824 2982 2019 3053 Germania
2054 2986 2092 3053 in
2125 2985 2305 3076 Angliam.
2366 2983 2500 3053 Postea

460 3110 526 3157 nas
543 3085 655 3155 dedit.
1506 3083 1675 3152 adversus
1694 3082 1916 3156 Fridericum
1937 3083 1980 3157 ll.
2010 3112 2030 3155 a
2056 3088 2270 3182 quibusdam
2294 3088 2426 3156 electus
2445 3099 2500 3156 est

566 3185 713 3257 Ottonis
727 3182 770 3257 ll.
791 3198 973 3278 tempore,
1000 3185 1095 3267 Galli
1111 3189 1221 3260 armis
1236 3189 1355 3259 conati
1370 3201 1455 3260 sunt
1506 3183 1681 3257 Henricus
1703 3184 1952 3278 Landgravius
1976 3185 2222 3282 Thuringiae,
2256 3188 2380 3283 quiin
2403 3188 2499 3258 ohsi-

461 3292 508 3361 ad
529 3313 566 3361 se
587 3291 780 3361 transferre
806 3290 1011 3383 imperium.
1076 3290 1205 3362 Ottoni
1226 3288 1284 3364 lll.
1314 3293 1453 3385 eripere
1505 3289 1613 3358 dione
1628 3288 1758 3359 Ulmae
1783 3314 1825 3359 ex
1847 3292 1993 3362 vulnere
2017 3293 2134 3385 periit.
2187 3293 2357 3364 Secutum
2373 3304 2426 3363 est
2441 3289 2498 3360 in·

462 3393 582 3464 conati
603 3406 687 3463 sunt
708 3393 900 3485 imperium
919 3392 1094 3466 Henricus
1108 3393 1289 3478 Bavarus,
1317 3408 1353 3464 et
1374 3395 1455 3490 qui·
1505 3404 1732 3483 terregnum,
1758 3396 1855 3487 quod
1870 3396 2015 3466 duravit
2031 3420 2146 3467 annos
2160 3398 2272 3465 ferme
2287 3394 2498 3477 octodecim,

461 3499 546 3567 dam
560 3494 701 3566 Romae
718 3496 952 3567 crescentius.
1004 3495 1101 3568 Haec
1125 3499 1321 3568 certamina
1338 3511 1379 3567 ut
1396 3522 1454 3567 ca·
1505 3493 1544 3562 in
1572 3518 1644 3588 quo
1669 3497 1835 3566 nonnulli
1855 3496 2036 3568 Electores
2061 3500 2325 3571 accersiverunt
2344 3498 2383 3565 in
2405 3495 2498 3567 Ger·

461 3611 562 3670 reret
584 3600 631 3668 ad
650 3599 895 3691 posteritatem
914 3598 1002 3669 Otto
1022 3597 1100 3682 lll..
1134 3601 1345 3692 gravissimo
1369 3625 1453 3670 con·
1504 3597 1665 3666 maniam
1681 3600 1729 3667 ad
1737 3600 1936 3692 imperium
1952 3596 2198 3685 Richardum,
2223 3602 2378 3671 fratrem·
2387 3598 2497 3691 Regis

461 3700 542 3772 silio
557 3713 592 3770 et
607 3702 864 3793 comprobante
878 3702 1047 3772 Romano
1056 3703 1242 3787 Pontifice,
1263 3703 1452 3795 collegium
1503 3698 1727 3771 Britanniae.
1782 3699 1922 3772 Interea
1951 3727 2032 3773 cum
2057 3704 2133 3772 sine
2155 3728 2239 3795 rege
2262 3715 2352 3776 esset
2371 3725 2498 3792 respu-

460 3801 668 3873 Electorum
684 3804 850 3888 institnit,
870 3806 970 3874 cuius
986 3806 1124 3897 collegii
1140 3807 1314 3898 sapientia
1333 3820 1369 3875 et
1383 3807 1453 3876 fide
1503 3802 1617 3885 blica,
1657 3827 1733 3873 non
1758 3805 1875 3876 solum
1900 3807 2107 3876 defecerunt
2132 3807 2171 3875 in
2194 3805 2296 3876 ltalia
2319 3805 2499 3887 civitates,

461 3906 538 3976 iam
570 3927 684 3975 annos
713 3905 928 3999 quingentos
959 3907 1103 3999 imperii
1124 3910 1299 4000 possessio
1323 3910 1360 3977 in
1386 3904 1454 3978 hac
1504 3904 1697 3975 sedetiam
1721 3907 1761 3975 in
1777 3919 2022 4001 contemptum
2039 3910 2138 3979 venit
2153 3912 2251 4002 apud
2267 3931 2390 3979 ornnes
2405 3905 2498 3977 Ger·

460 4006 610 4078 natione
633 4008 818 4079 retinetur.
869 4008 978 4102 Quod
1000 4033 1077 4080 non
1101 4013 1211 4082 modo
1234 4011 1453 4083 Germanico
1504 4006 1646 4077 manica
1661 4010 1775 4079 natio.

460 4109 605 4181 nomini
631 4111 828 4202 gloriosum
860 4125 929 4193 est;
969 4114 1032 4184 sed
1064 4113 1171 4183 etiam
1195 4115 1263 4184 toti
1284 4113 1453 4207 Europae
1579 4110 1803 4206 *Aliquanto
1825 4124 1913 4205 post·
1930 4112 2101 4185 dissensio
2124 4113 2164 4182 in
2186 4114 2360 4184 electione
2375 4110 2499 4183 Ludo-

462 4212 585 4284 multis
607 4214 725 4286 modis
746 4216 902 4285 salutare
923 4216 1002 4287 fuit.
1067 4217 1180 4310 Saepe
1210 4216 1306 4286 enim
1337 4215 1455 4289 nostri
1505 4212 1576 4281 vici
1589 4212 1742 4299 Bavari,
1769 4227 1804 4284 et
1818 4212 1993 4285 Friderici
2005 4215 2197 4301 Austriaci,
2221 4217 2356 4287 bellum
2371 4216 2498 4306 ingens

460 4311 701 4407 Imperatores
733 4341 776 4386 ex
808 4314 910 4388 ltalia
943 4319 1117 4390 barbaros
1150 4320 1385 4412 depulerunt,
1419 4331 1455 4388 et
1506 4314 1694 4401 excitavit,
1720 4342 1878 4411 quorum
1900 4319 1989 4389 alter
2006 4314 2204 4410 Bohemos,
2238 4319 2329 4388 alter
2349 4317 2500 4408 Hunga-

461 4418 683 4512 perniciosas
710 4420 928 4491 mutationes
950 4445 1080 4515 magna
1103 4423 1235 4492 virtute
1259 4418 1454 4515 prohibue-
1506 4419 1580 4496 rica
1603 4417 1734 4490 auxilio
1758 4420 1797 4489 in
1818 4421 2051 4491 Germaniam
2075 4420 2234 4491 adduxit·
2297 4418 2351 4490 lta
2379 4421 2499 4492 utrin-

461 4534 560 4593 runt.
618 4521 687 4591 Sed
711 4533 833 4591 tamen
855 4523 1046 4617 aliquoties
1069 4526 1252 4596 contentio
1274 4528 1319 4595 de
1341 4549 1453 4618 regno
1507 4544 1577 4614 que
1602 4545 1623 4590 a
1646 4522 1811 4595 barbaris
1834 4524 2031 4595 Germania
2056 4523 2247 4595 crudeliter
2270 4537 2409 4595 vastata
2433 4535 2501 4595 eat.

462 4623 671 4716 gravissime
688 4623 813 4694 afflixit
828 4625 1063 4704 Germaniam
1080 4641 1188 4722 atque
1203 4625 1355 4699 ltaliam.
1505 4623 1645 4694 Deinde
1677 4627 1849 4698 adversus
1880 4624 2103 4698 Ludovicum
2137 4627 2267 4697 electus
2301 4640 2354 4697 est
2385 4624 2500 4695 Caro-

455 4773 457 4778 ·
564 4726 745 4800 Adversus
775 4726 971 4799 Henricum
993 4727 1073 4813 IV„
1109 4732 1227 4801 virum
1256 4733 1386 4802 fortem
1420 4743 1455 4800 et
1505 4727 1561 4798 lus
1582 4725 1892 4822 Lucelburgensis.
1949 4729 2074 4825 Neque
2104 4726 2191 4799 haec
2220 4728 2346 4799 electio
2370 4723 2501 4801 habuit

461 4827 677 4921 impigrum,
715 4829 822 4902 multi
852 4831 1031 4925 principes
1060 4833 1098 4901 in
1121 4834 1316 4904 Germania
1346 4847 1454 4928 atque
1506 4830 1670 4901 omnium
1690 4829 1880 4924 suffragia,
1907 4844 1942 4902 ct
1965 4833 2087 4903 statim
2108 4831 2276 4903 nonnulli
2296 4856 2339 4902 ex
2355 4829 2501 4900 Electo-

382 4965 384 4970 ·
461 4928 564 5002 ltalia
581 4933 852 5025 conspirarunt,
877 4935 940 5028 qui
953 4932 1148 5027 Rodolpbo
1163 4935 1257 5007 Duci
1269 4936 1453 5007 Saxonum
1505 4933 1605 5005 ribus
1637 4935 1886 5027 expetiverunt
1919 4933 2130 5005 Eduardum
2164 4934 2315 5028 Angliae
2346 4931 2501 5026 Regem,

463 5046 500 5104 et
514 5032 730 5121 Suevorum,
754 5036 960 5107 tribuerunt
975 5061 1110 5106 nomen
1125 5036 1291 5129 Regium.
1329 5036 1370 5108 ln
1385 5034 1456 5110 hoc
1506 5035 1568 5107 alii
1597 5036 1727 5108 deinde
1752 5036 1931 5109 Comitem
1952 5038 2311 5131 Suarceburgensem.
2371 5036 2500 5107 Toties

461 5135 558 5218 bello
588 5161 669 5208 cum
697 5151 813 5211 essent
833 5140 926 5210 duae
946 5139 1162 5211 fortissimae
1180 5141 1345 5214 nationes
1369 5167 1455 5212 con·
1505 5139 1709 5211 inciderunt
1732 5140 1928 5212 certamina
1953 5141 1993 5210 in
2015 5135 2083 5211 hac
2106 5142 2254 5212 natione
2286 5142 2332 5210 de
2362 5162 2499 5211 succes·

462 5239 625 5326 iunctae,
656 5241 832 5314 Saxonica
863 5256 899 5312 et
919 5242 1088 5326 Suevica,
1120 5266 1185 5312 nec
1213 5258 1335 5337 posset
1356 5245 1474 5316 Hen-.
1505 5242 1625 5328 sione,
1658 5242 1789 5339 quibus
1810 5255 1846 5313 et
1867 5243 1968 5313 domi
1991 5244 2158 5315 maiestas
2181 5242 2326 5337 imperii
2339 5241 2499 5334 graviter

462 5343 557 5416 ricus
588 5344 666 5415 sine
701 5344 886 5415 acerrimis
919 5345 1209 5417 dimicationibus
1242 5350 1454 5440 dignitatem
1506 5369 1676 5432 concussa
1692 5358 1755 5430 est,
1773 5358 1810 5417 et
1824 5344 1960 5416 intebea
1975 5347 2242 5439 foris·neglecta
2257 5359 2309 5417 est
2322 5342 2499 5439 respubli-

461 5471 563 5520 auam
584 5470 834 5541 propugnare:
869 5447 919 5516 ita
944 5449 988 5517 ab
1006 5448 1167 5543 utrisque
1188 5450 1380 5522 dilacerata
1402 5464 1455 5523 est
1505 5473 1558 5520 ca.
1583 5447 1681 5519 Dum
1698 5449 1794 5519 enim
1811 5449 1975 5542 occupati
1988 5475 2111 5523 sumus
2127 5450 2291 5521 civilibus
2306 5448 2499 5530 bellis,aut

462 5551 598 5643 patria,
624 5573 813 5644 nunquam
829 5561 870 5620 ut
887 5562 1010 5642 postea
1026 5551 1215 5643 pristinam
1229 5554 1454 5627 maiestatem
1504 5551 1610 5620 fracti
1629 5550 1833 5624 dornesticis
1854 5552 2032 5639 cladibus,
2072 5577 2148 5624 non
2177 5553 2359 5646 potuimus
2380 5549 2500 5641 repri-

449 5652 730 5745 ¹recuperaverit
743 5652 935 5743 imperium
950 5666 1127 5728 nostrum.
1178 5654 1276 5728 Dum
1292 5659 1389 5728 enim
1405 5657 1454 5728 ci·
1504 5677 1604 5724 mere
1628 5653 1786 5740 Turcas,
1826 5680 1988 5752 quocum.
2015 5656 2197 5752 potentia,
2231 5658 2376 5728 nemine
2402 5653 2503 5723 obsi-

460 5755 593 5827 vilibus
624 5754 726 5827 bellis
757 5754 858 5825 domi
886 5755 1152 5843 conflictamur,
1194 5759 1330 5832 interea
1355 5759 1454 5834 Galli
1503 5769 1637 5846 stente,
1662 5771 1840 5856 qnantum
1863 5761 2034 5844 creverit,
2059 5760 2198 5831 videtis.
