5534 6700
286 650 289 655 Α
358 576 442 679 tit?
996 570 1352 657 saorraumra
1377 574 1445 665 sp
1469 576 1612 658 your..
1639 577 1760 665 r-ssx.
2319 522 2442 663 aaa?

366 775 423 843 pes
446 748 549 833 utiles
572 744 690 837 potius
712 756 745 813 et
763 738 932 821 honestas
952 742 1111 827 animum
1146 770 1187 813 ac
1210 744 1353 815 dicendi
1403 748 1486 834 simi
1503 751 1682 819 retardati:
1705 750 1850 843 Diligite
1868 754 2052 825 ceritatem
2070 768 2104 823 et
2122 780 2258 849 paceni.
2280 756 2398 835 llatae

368 854 462 935 vires·
489 851 667 929 conterat,
696 846 823 939 quibus
854 856 887 915 et
917 846 1029 937 gloria
1059 848 1199 938 patriae
1228 848 1352 939 ingens
1405 850 1461 919 die
1485 850 1521 923 4.
1542 852 1689 943 Aprilis.
1715 853 1821 925 Anno
1839 850 1948 929 1560.
1983 856 2027 927 Τ.
2050 858 2229 929 Maiestati
2253 860 2400 933 deditis-

368 952 570 1043 conciliari,
586 962 620 1019 et
635 950 814 1017 bonorum
831 948 1031 1019 voluntates
1044 950 1190 1019 retiereri
1207 965 1352 1044 queant,
1402 952 1515 1023 sirmis
1532 950 1720 1047 Philippus
1738 954 1959 1028 Melanthon.

369 1082 475 1151 quam
508 1056 551 1121 ad
587 1051 718 1141 tragica
742 1054 916 1145 quaedam
943 1066 978 1119 et
1009 1053 1181 1121 rnalcrola
1208 1054 1352 1145 scripta,

368 1158 496 1253 quilms
526 1168 587 1221 ant
616 1154 862 1243 distractiones
893 1153 1096 1223 animorum
1128 1155 1162 1221 in
1196 1152 1352 1227 honestis

367 1259 511 1349 Regula
530 1270 591 1325 anst
606 1254 801 1325 Natiommr
822 1256 902 1323 odia
921 1257 975 1323 rel
990 1258 1174 1327 exuscitari
1197 1258 1250 1325 rel
1269 1282 1352 1327 con-

366 1361 502 1433 firmari
529 1372 688 1451 possent:
734 1359 910 1449 imprimis
939 1371 1057 1429 taruen
1090 1386 1129 1427 ea
1161 1373 1262 1450 parte
1292 1364 1351 1429 de·
1411 1340 1504 1449 „EQ

366 1466 499 1544 lector,
525 1486 615 1555 quae
632 1462 749 1531 Patris
766 1462 838 1543 tui,
864 1461 1036 1555 'suaeque
1061 1463 1168 1529 etiam
1186 1462 1351 1533 hlaiesta-
1375 1532 1379 1579 Ι

366 1567 411 1635 tis
427 1565 644 1633 mentionem
661 1564 763 1647 lacit,
785 1567 881 1657 quud
900 1563 936 1631 iu
954 1564 1011 1631 illa
1031 1565 1174 1657 quidem
1191 1590 1351 1656 compre·
1375 1582 1379 1655 i

365 1664 474 1737 hensa
504 1691 577 1739 esse
599 1667 737 1749 iudico,
772 1691 863 1758 quae
897 1668 1044 1735 unrnino
1076 1691 1215 1737 necesse
1240 1681 1291 1739 est
1314 1668 1351 1735 in

365 1769 520 1841 Ecclesia
552 1794 592 1837 ac
617 1765 916 1839 scholasticorum
950 1770 1107 1841 coetibus
1136 1770 1182 1837 ob
1215 1795 1351 1839 memo·

366 1873 457 1943 riam
483 1896 501 1938 a
522 1873 729 1963 posteritate
755 1872 913 1941 retineri.
966 1870 1088 1965 ltaque
1114 1896 1188 1941 uon
1212 1885 1349 1943 tantum
1375 1884 1378 1893 '

366 1974 650 2043 moderationem
677 1972 787 2065 ipsius
811 1998 852 2043 ac
875 1973 1061 2043 consilium
1086 1976 1259 2065 probavi,
1295 2000 1352 2043 ve·

364 2101 444 2146 rum
461 2076 567 2143 etiam
585 2071 749 2147 hortatus
761 2100 861 2159 suni,
887 2090 927 2145 ut
950 2072 1017 2146 boc
1038 2077 1210 2168 scriptum
1236 2080 1272 2147 in
1287 2103 1352 2169 pu-

363 2179 495 2249 blicum
519 2178 713 2261 emitteret,
746 2191 779 2247 et
807 2203 899 2273 quae
921 2182 1115 2269 prudenter
1137 2180 1352 2261 elaboraret,

365 2281 443 2351 aliis
457 2294 538 2349 ante
557 2282 710 2349 reditum
729 2282 766 2347 in
784 2282 936 2371 patriam
956 2282 1247 2350 communicaret.

464 2382 614 2451 Gaudeo
635 2408 720 2453 vcro
746 2384 918 2453 doctrinis
935 2396 969 2451 et
990 2384 1120 2468 Musis,
1148 2408 1240 2479 quac
1266 2382 1351 2451 alibi

362 2482 527 2567 horribili
558 2485 705 2555 saevitia
735 2486 995 2569 dilacerantur,
1029 2487 1208 2557 tamenin
1233 2484 1350 2553 Dania

364 2601 399 2659 et
416 2584 570 2679 hospitia
595 2600 630 2655 et
647 2587 842 2681 Halcyonia
868 2588 1060 2657 mediocria
1079 2602 1223 2659 restare.
1278 2588 1351 2658 Nec

361 2690 463 2777 facile
493 2714 642 2781 reguum
679 2692 790 2761 ullum
825 2687 894 2761 hoc
926 2704 1086 2782 tempore
1115 2693 1250 2761 maiore
1284 2692 1350 2759 sre-

363 2792 507 2886 queutia
525 2793 747 2862 eruditorum
765 2794 953 2864 arrrtecellit.
1007 2794 1096 2863 Cum
1125 2790 1212 2863 mihi
1241 2794 1350 2859 inter-

361 2897 446 2975 dum
465 2895 502 2963 in
517 2895 729 2963 memoriam
752 2896 852 2965 verrit
865 2896 1089 2969 Clarissimus
1105 2897 1159 2965 vir
1174 2891 1350 2965 lohannes

362 2997 599 3089 Synningius,
633 3024 738 3093 quem
772 3012 806 3067 et
844 3024 910 3069 nos
940 3000 1025 3067 olim
1060 3000 1096 3067 in
1127 2996 1194 3067 hac
1222 2992 1348 3065 Schola

361 3102 464 3171 unice
481 3101 688 3183 dileximus,
713 3114 748 3169 et
771 3114 851 3169 ame
876 3102 1015 3195 aliquot
1037 3126 1150 3173 anuos
1176 3104 1214 3169 in
1232 3099 1348 3190 patria

363 3204 409 3273 ob
434 3202 599 3271 eximiam
631 3202 869 3271 eruditionem
907 3228 948 3273 ae
970 3204 1158 3294 pietatem,
1192 3201 1378 3337 testimo-fl

361 3310 424 3388 uio
442 3308 641 3378 Doctorum
666 3305 704 3374 in
728 3300 926 3396 Theologia
952 3318 1117 3376 ornatum
1135 3305 1350 3388 audivimus,
1374 3342 1377 3372 ι

362 3438 437 3484 non
469 3435 613 3504 possum
647 3407 812 3503 equidem
846 3434 920 3478 non
945 3410 1088 3492 dolere,
1123 3423 1195 3478 tam
1225 3377 1377 3510 utilem}
1444 3449 1501 3511 No·
1523 3449 1553 3510 a

363 3517 488 3605 Regno
510 3527 616 3607 atque
635 3511 812 3584 Ecclesiae
831 3508 962 3582 Christi
986 3514 1102 3582 virum
1132 3524 1233 3581 tanto
1255 3522 1350 3580 aeta·
1373 3515 1377 3620 f
1409 3529 1579 3559 w»

364 3619 408 3688 tis
438 3617 526 3686 flore
552 3629 722 3709 tantaque
752 3615 914 3684 oninium
950 3628 1157 3686 nostrorum
1188 3625 1378 3738 expecta-l

1505 1336 1578 1445 ,Ξ

1488 1120 1539 1177 llis
1564 1120 1798 1181 Praelationibm
1828 1126 1856 1181 in
1880 1126 1959 1184 Volt.
1981 1123 2088 1186 l-X.
2119 1130 2231 1188 omissis
2260 1132 2405 1213 adiungi.

1403 1220 1468 1261 rous
1488 1204 1690 1267 additamenta
1712 1208 1749 1267 ad
1773 1220 1832 1267 tres
1853 1210 1925 1267 atlas
1947 1212 2003 1267 ἱιιιιι
2026 1212 2086 1269 illie
2108 1212 2201 1273 datas.

2131 1367 2171 1409 m.
2193 1344 2278 1408 lunio
2304 1346 2405 1415 1536.

2138 1440 2402 1475 w

1746 1522 1903 1601 lonae,
1939 1516 2061 1605 filio.

1474 1642 1551 1695 idaeo
1567 1646 1707 1697 Praefatio
1726 1647 1754 1697 in
1773 1649 1836 1699 Vot.
1855 1648 1902 1697 m.
1920 1662 1946 1711 p.
1963 1648 1999 1697 aa
2016 1662 2058 1710 sq.
2077 1648 2127 1697 ti'o.
2148 1650 2223 1701 tud.
2242 1664 2278 1701 ex
2297 1654 2403 1706 select.

1508 1715 1672 1767 neotenatt.
1697 1718 1763 1766 deta
1788 1730 1849 1767 corn
1871 1717 1923 1767 troo
1945 1716 2142 1768 annotatione:
2165 1722 2341 1784 „Quomodo
2358 1724 2405 1774 trio

1509 1783 1620 1833 tibettus
1646 1786 1722 1845 [scit.
1748 1785 2217 1837 euihaecl’reet.ab1etanttrone
2241 1796 2288 1841 est
2314 1804 2403 1854 pree-

1510 1849 1577 1917 dre]
1597 1854 1681 1901 tuerit
1700 1854 1864 1915 inscriptus,
1891 1854 2016 1916 equidem
2035 1854 2145 1919 rrescto,
2170 1870 2259 1919 neque
2276 1872 2404 1912 comme·

1510 1924 1635 1970 moratur
1652 1933 1671 1969 e
1690 1924 1828 1973 strobetio
1853 1925 1881 1972 in
1899 1924 1964 1971 bibi.
1981 1924 2130 1981 steterim,
2156 1938 2245 1987 neque
2267 1932 2305 1978 ab
2323 1931 2401 1991 eliis,

1510 1988 1555 2051 qul
1574 1988 1609 2040 do
1625 1989 1781 2043 tibristttet.
1799 1988 2007 2055 scripserunt.“
2042 1992 2166 2055 coritigit
2179 1994 2261 2057 mitri,
2282 2000 2315 2047 ut
2329 2000 2404 2049 bunc

1511 2058 1609 2109 tibrum
1627 2060 1654 2107 in
1673 2060 1844 2109 Rittiottrecs
1861 2060 1940 2110 acad.
1958 2060 2074 2109 ttetenst
2092 2060 2263 2129 invenerim,
2294 2066 2404 2129 pulsio

1509 2124 1659 2191 inscriptus
1686 2132 1745 2178 est:
1772 2130 1924 2181 Elementa
1948 2130 2163 2181 Arttdmetiees.
2198 2134 2402 2199 differtum

1507 2194 1543 2247 de
1563 2198 1694 2247 armeris
1718 2200 1861 2263 irrteprts.
1883 2198 2011 2263 fractis,
2038 2198 2162 2263 nepotis
2183 2204 2399 2270 communitas,

1508 2266 1537 2314 et
1561 2266 1597 2315 de
1620 2266 1875 2329 Proporctoatbus.
1917 2268 2030 2318 datore
2052 2268 2177 2333 Gearpto
2202 2270 2398 2326 Peardacbto.

1508 2334 1613 2384 Omnia
1630 2346 1730 2385 recens
1749 2338 1780 2385 ia
1797 2338 1890 2387 tarem
1906 2338 1987 2387 edita
2004 2332 2061 2398 Me
2077 2340 2105 2387 et
2117 2340 2273 2403 ditipeatia
2292 2344 2401 2407 stapa-

1509 2404 1577 2452 tari.
1620 2405 1674 2453 Aa.
1699 2404 1934 2456 nannet.
1976 2408 2048 2456 Gaas
2073 2407 2264 2469 prraefacioae
2290 2410 2399 2477 estem.

1508 2472 1649 2521 Melantts.
1686 2472 1752 2531 [ilie
1768 2472 1866 2522 titutus
1885 2474 1983 2532 deliris
1995 2472 2072 2535 tigno
2091 2476 2185 2524 incisis
2204 2479 2312 2529 rinctus
2331 2479 2401 2546 est.)

1508 2564 1543 2575 -
1560 2538 1605 2603 (tn
1619 2539 1703 2603 daec)
1719 2542 1893 2603 impressam
1903 2544 2071 2604 t'iteterpae
2082 2546 2295 2609 perdomabitur
2307 2548 2401 2615 Ktup.

1508 2609 1561 2659 Aa.
1578 2609 1813 2660 unumve.
1846 2611 1863 2659 ⁷
1883 2612 1975 2674 ptagg.
2000 2611 2053 2659 titt.
2071 2614 2167 2662 A-u
2184 2616 2257 2677 sign.
2281 2617 2319 2665 aa
2336 2619 2399 2668 toll.

1508 2688 1563 2727 non
1586 2690 1676 2743 nuru„
1701 2688 1816 2738 quorum
1840 2680 1964 2729 ultimum
1988 2679 2080 2729 album
2104 2685 2164 2741 est,
2187 2686 2213 2732 8.
2240 2685 2306 2747 (tot.
2326 2688 2349 2733 A
2364 2686 2400 2735 1⁸

1508 2746 1617 2795 Atberii
1639 2744 1832 2809 [pigi-amram
1856 2748 1904 2795 tot.
1931 2752 1952 2795 Α
1964 2747 2096 2797 21-2·
2114 2752 2183 2803 ned.
2207 2754 2401 2803 mercationis

1510 2814 1667 2863 Praefatio:
1706 2816 1948 2878 „modestissimo
1979 2816 2156 2869 adolescenti
2187 2820 2271 2873 Iacto
2303 2822 2403 2875 lanae

1508 2879 1571 2943 ntia
1588 2884 1626 2935 a.
1646 2883 1786 2935 doctoris
1804 2886 1896 2936 douae
1912 2885 2063 2949 Phiiippus
2080 2887 2289 2941 dietammoa
2309 2894 2338 2943 S.
2362 2893 2400 2943 d).

1511 2950 1580 3001 cunr
1605 2950 1716 3001 videaur
1739 2977 1775 2987 -
1791 2978 1826 2991 -
1843 2980 1878 2991 -·
1893 2978 1929 2991 -
1952 2954 2026 3003 dene
2049 2956 2120 3005 vete
2144 2970 2239 3009 nense
2263 2956 2403 3023 tunio.“;

1508 3018 1558 3071 tol.
1581 3020 1780 3071 dib-Gt·
1805 3024 1972 3084 opusculum
1994 3024 2122 3085 Magistri
2152 3028 2271 3088 Georgii
2299 3026 2403 3075 Peur-

1507 3088 1593 3137 berbii
1611 3088 1770 3149 [inscriptr
1791 3087 2006 3155 sigorittrnos];
2022 3090 2069 3139 tot.
2083 3090 2152 3141 eei
2169 3094 2305 3155 &erepte
2322 3106 2403 3156 pro-

1506 3157 1678 3219 portionum
1702 3156 1749 3206 tot.
1768 3160 1842 3209 oa·
1856 3159 1932 3209 ..71
1955 3159 2023 3209 nod.
2055 3160 2097 3209 De
2112 3162 2343 3221 proportionibus
2365 3177 2402 3213 ex

1508 3224 1660 3275 litenentts
1692 3226 1814 3279 ttuotidis
1847 3240 1897 3289 per
1925 3228 2054 3277 tasonem
2075 3228 2213 3291 Vegetio,
2245 3230 2401 3281 subiuncta

1507 3292 1658 3358 virosum
1676 3295 1726 3347 tot.
1743 3296 1910 3347 titi-ei
1935 3294 2059 3356 vemat).

2093 3473 2133 3510 m.
2149 3459 2280 3532 Augusto
2301 3453 2397 3518 1536.

2087 3539 2398 3580 ‘m

1654 3630 1815 3696 loarrni
1858 3625 2152 3714 Reiscaster‘u.

363 3721 461 3790 tione
485 3719 639 3788 emedio
661 3719 849 3810 abreptum
866 3742 958 3789 esse:
984 3743 1063 3788 cum
1088 3742 1163 3786 nou
1186 3715 1348 3786 doctrina
1374 3743 1378 3832 p
1475 3757 1550 3808 „m
1571 3758 1713 3809 „mm
1729 3758 1795 3808 item
1819 3759 1846 3808 in
1865 3759 1928 3808 vor.
1948 3758 1993 3807 m
2020 3773 2047 3822 p.
2067 3757 2225 3809 ,θα-Μ
2245 3758 2294 3806 Μ
2318 3757 2395 3808 ,Μ

363 3834 522 3903 tantum,
549 3821 712 3910 ingenio,
738 3821 864 3890 studiis
895 3845 936 3889 ac
962 3821 1142 3910 diligentia
1171 3831 1378 3924 conterre-3

363 3950 450 4010 neos
475 3947 558 3994 suos
578 3925 839 4014 propemodum
863 3936 1066 4013 superaret,
1093 3947 1217 3992 verum
1242 3921 1349 3990 etiam

364 4027 538 4100 modestia
559 4038 665 4119 atque
691 4025 894 4113 integritate
915 4026 962 4094 ita
982 4029 1193 4115 probaretur
1209 4023 1351 4094 univer·
1375 3945 1379 4108 l

363 4133 423 4213 sis,
449 4141 489 4200 ut
508 4125 599 4200 nihil
616 4151 729 4220 paene
746 4151 801 4196 me
822 4152 864 4196 ex
882 4127 940 4196 illa
962 4141 1067 4208 terra,
1094 4131 1191 4221 quod
1207 4127 1350 4221 quidem
1375 4115 1380 4186 l

364 4236 410 4302 ad
443 4232 577 4322 ingenii
607 4232 861 4322 praestantiam
894 4255 1109 4323 morumque
1139 4230 1349 4302 suavitatem
1375 4209 1380 4308 l

364 4335 504 4417 attinet,
520 4334 714 4424 elegantius
729 4333 855 4406 vidisse
872 4332 1053 4402 recordari
1067 4359 1225 4424 possum,
1239 4355 1352 4424 quan-
1376 4323 1379 4346 ²

363 4463 472 4533 quarn
489 4451 523 4507 et
537 4437 688 4506 Palladii
713 4438 853 4507 labores
880 4461 920 4508 ac
934 4435 1155 4527 diligentiam
1173 4436 1352 4516 novimus,
1375 4351 1380 4504 l

364 4542 460 4612 etin
483 4543 644 4610 docendo
669 4539 915 4610 rectitudinem
940 4542 1068 4608 merito
1087 4541 1350 4630 praedicamus:
1376 4525 1379 4630 ξ

364 4657 484 4716 tamen
506 4668 585 4713 cum
604 4656 639 4714 et
662 4642 793 4712 multos
815 4639 932 4714 adhuc
957 4643 993 4710 in
1010 4642 1134 4732 Regno
1155 4641 1352 4710 Maiestatis
1376 4635 1379 4712 l

364 4759 446 4818 tuae
463 4746 646 4837 praeclare
663 4744 822 4815 eruditos
841 4769 913 4818 esse
929 4746 1060 4828 scianr,
1085 4758 1120 4814 et
1135 4745 1254 4836 plures
1269 4769 1351 4835 pro·
1374 4739 1379 4846 Ι

364 4848 504 4938 pediem
536 4849 676 4920 futuros
698 4871 859 4940 sperem,
891 4848 953 4941 qui
982 4848 1144 4918 doctrina
1170 4871 1351 4916 commen·
1374 4849 1378 4914 l

363 4951 442 5018 dari
460 4964 686 5035 mereantur,
714 4977 794 5021 cum
812 4952 937 5043 primis
961 4963 1055 5022 certe
1070 4951 1198 5022 lactor.
1249 4950 1350 5024 llanc

363 5054 409 5122 ad
426 5075 500 5120 rem
519 5055 719 5126 dulcissima
737 5079 818 5145 prix,
831 5068 865 5124 et
881 5066 940 5124 tua
960 5055 1200 5128 munificentia
1217 5052 1349 5142 dignis-

361 5155 453 5226 sima
473 5157 674 5248 bonollege
693 5158 886 5248 plurimum
905 5156 1083 5236 conducit.
1122 5157 1234 5248 Saepe
1253 5155 1348 5228 enim

361 5269 490 5328 narrat
506 5257 609 5328 uobis
623 5259 792 5336 Erasmus
808 5273 929 5332 noster
953 5271 1051 5336 tuam
1074 5283 1155 5349 erga
1180 5285 1238 5342 se,
1265 5284 1346 5350 erga

360 5357 530 5432 Iacobum
546 5358 769 5452 Bordingum
786 5376 821 5432 et
838 5363 968 5436 multos
986 5362 1075 5434 alios
1091 5361 1349 5436 eruditissimos

360 5592 431 5659 que
456 5569 502 5638 ob
516 5591 658 5640 causam
677 5569 833 5640 decrevit
855 5594 961 5640 omne
984 5569 1140 5640 studium
1169 5583 1204 5640 et
1224 5591 1348 5638 omnes

361 5671 495 5761 ingenii
516 5670 610 5743 vires
634 5675 678 5742 ad
708 5675 888 5744 ornandas
910 5673 1104 5756 Ecclesiae,
1137 5686 1173 5742 et
1192 5671 1348 5744 retinen-

359 5775 445 5843 dum
471 5775 569 5866 pium
594 5801 803 5848 consensum
829 5777 1010 5860 conferre,
1038 5801 1176 5854 memor
1201 5775 1348 5847 severis·

363 5477 398 5534 et
412 5463 662 5555 integerrimos
676 5465 773 5536 viros
789 5467 920 5558 regiam
937 5467 1225 5536 beneficentiam:
1254 5491 1349 5533 eam-
1406 5427 1578 5542 Μ

1511 3842 1544 3878 ex
1561 3827 1657 3878 select.
1675 3827 1840 3880 Deetsmstt.
1859 3826 1978 3877 exhibite
1996 3831 2039 3876 est
2056 3839 2117 3876 coar
2132 3827 2185 3876 troo
2201 3827 2331 3887 perbrevi
2348 3829 2395 3876 in-

1509 3896 1676 3960 scriptions:
1697 3896 1860 3962 „Praetetto
1879 3897 1907 3946 in
1922 3895 2109 3946 Geometrisue
2126 3896 2160 3956 (t.
2178 3909 2203 3944 e.
2224 3897 2253 3944 io
2267 3897 2395 3946 lobannis

1509 3965 1641 4030 Vegetini
1664 3965 1788 4016 tibettorn
1816 3967 1851 4014 de
1875 3965 2058 4015 Geometriois
2088 3959 2281 4028 elementis).”
2316 3965 2395 4014 usne

1508 4033 1715 4084 annotationem
1731 4034 1828 4084 Editor
1846 4045 1901 4084 non
1919 4046 1954 4082 ex
1971 4033 2044 4084 titre
2062 4033 2140 4095 ipso,
2160 4034 2204 4083 cui
2222 4035 2292 4083 asso
2303 4031 2395 4082 Praei.

1508 4115 1528 4155 e
1550 4103 1727 4154 minutione
1750 4103 1907 4166 praemisse
1928 4104 1990 4168 est,
2018 4103 2069 4152 sed
2102 4115 2136 4152 ex
2166 4105 2249 4166 perte
2271 4103 2396 4150 extrem

1509 4171 1696 4222 reserationis
1704 4172 1862 4235 adscripsit.
1893 4173 1973 4220 iuvat
1984 4171 2086 4235 igitur,
2104 4171 2176 4220 buno
2188 4171 2300 4232 tiorum,
2317 4183 2398 4232 quen

1509 4253 1543 4290 ex
1560 4241 1656 4290 eodem
1674 4239 1797 4293 dtbtiotir.
1816 4241 1893 4291 eoed.
1911 4239 1940 4288 tn
1957 4239 2083 4290 menibus
2100 4241 2204 4300 babeo,
2230 4241 2259 4287 tr.
2274 4240 2294 4287 t.
2313 4251 2397 4288 eccu-

1507 4309 1597 4358 rstius
1615 4309 1783 4362 describere.
1821 4309 1868 4360 sio
1886 4307 2036 4370 inscriptus
2061 4311 2121 4358 est:
2146 4309 2305 4360 Elementa
2323 4308 2398 4360 Geo-

1506 4379 1630 4429 mtrtae
1651 4391 1690 4428 eu
1713 4380 1838 4431 Euclide
1869 4379 2019 4442 stapatart
2042 4379 2205 4441 prudentia
2228 4373 2398 4428 cotteetad

1510 4447 1620 4498 toaaas
1650 4449 1769 4513 Vopetia
1793 4447 1963 4514 professore
1993 4447 2203 4498 mathematico
2234 4448 2268 4496 in
2300 4447 2399 4499 seteis

1513 4517 1674 4568 Viennensi.
1693 4517 1903 4568 Aritiumettrae
1913 4517 2065 4580 practicae
2075 4528 2129 4579 per
2136 4515 2303 4580 Georptuas
2312 4519 2399 4568 Peer-

1507 4583 1641 4636 tacitum
1658 4585 1908 4638 mathematicam.
1950 4585 2027 4638 Gaas
2046 4585 2239 4651 oneratione
2270 4584 2400 4650 Petunt

1508 4654 1717 4706 Metanttoats.
1753 4653 1820 4720 (tito
1837 4657 1935 4706 titulus
1953 4655 2051 4720 liguris
2075 4655 2151 4718 tigno
2170 4654 2275 4704 incisis
2295 4657 2399 4706 cinctus

1508 4721 1576 4788 est.)
1594 4749 1629 4758 —
1647 4721 1690 4788 (tn
1702 4721 1786 4786 tium)
1806 4725 1980 4788 suppressam
1994 4724 2163 4788 Vitederpae
2173 4737 2230 4789 per
2244 4725 2399 4789 doespisn

1505 4791 1594 4856 ΚΜ.
1607 4792 1648 4844 dt.
1655 4793 1690 4843 u.
1697 4793 1842 4844 XXXVI.
1864 4795 1883 4843 6
1892 4795 1989 4894 ptegg.
2004 4793 2057 4843 litt.
2073 4793 2170 4844 A-t‘
2183 4793 2274 4860 sign,
2293 4793 2397 4845 tutati.

1506 4865 1852 4982 higlalhilbohtiul’ihzilllb
1859 4947 1867 4983 ι
1874 4861 2081 4996 hillillhhiiiit
2091 4861 2271 4982 hlaelsihihois
2279 4863 2398 4984 ²Iloa-niii

1508 4998 1702 5063 Reiffeaetein.
1727 5005 1755 5050 s.
1777 5003 1811 5053 o.
1848 5000 1958 5050 Notion
1981 4999 2074 5063 aptius
2098 5005 2298 5052 ammentum
2314 5027 2349 5038 -
2363 5027 2397 5038 -

1506 5093 1543 5104 -
1558 5093 1595 5104 -
1610 5069 1708 5118 usnse
1725 5072 1851 5132 Augusto
1871 5073 1952 5120 Asino
1970 5064 2236 5131 at.o.xxxv1.’‘;
2262 5071 2312 5122 tot.
2331 5067 2397 5122 Ad*

1507 5135 1623 5200 Georgii
1639 5137 1760 5200 Aemyttt
1784 5149 1909 5201 carmen,
1942 5139 1991 5188 tot.
2008 5137 2206 5190 titt-H·
2233 5141 2309 5192 rned.
2333 5141 2398 5192 ns-

1507 5207 1627 5255 nentete
1646 5205 1842 5270 geometricum
1865 5208 1910 5267 [tn
1934 5206 2052 5271 quinquo
2073 5205 2167 5269 eapite
2189 5208 2397 5272 distributim,

1506 5275 1656 5328 subiuncta
1673 5275 1823 5332 choralis
1841 5277 1889 5327 tot.
1907 5275 1978 5328 W
1992 5274 2071 5328 --8i
2092 5277 2222 5342 recent).

2205 5453 2292 5494 anno
2307 5429 2391 5496 tait.

2215 5515 2384 5546 Μ

1752 5607 1826 5673 Pio
1860 5609 2050 5674 Lectori.

1471 5740 1546 5786 itaer.
1570 5737 1710 5786 Praefatio
1734 5737 1761 5785 tn
1787 5737 1851 5787 vot.
1871 5737 1932 5788 vti.
1958 5753 1982 5800 p.
2000 5737 2162 5787 tin—tier.
2190 5741 2246 5792 No.
2267 5741 2344 5792 dota.
2363 5749 2396 5787 rt

1508 5806 1669 5854 itectamatt.
1696 5807 1763 5856 dale
1788 5809 1841 5856 est.
1883 5807 1992 5856 uiarum
2020 5807 2134 5856 Maioris
2164 5809 2284 5870 ipsun,
2317 5809 2360 5860 eui
2383 5819 2400 5858 e
