5534 6700
386 715 388 718 Α
458 618 535 695 455
1084 620 1208 694 PlllL.
1237 620 1350 694 MEL.
1376 617 1579 692 SCRIPTA
1606 613 1873 688 HlSTORlCA.
2419 618 2498 693 456

444 808 531 882 „tam
558 794 731 885 praestitit
753 794 789 859 in
813 794 1050 883 reprimendis
1072 792 1228 865 hostium
1247 795 1447 876 conatibus,
1500 793 1631 884 partim
1656 801 1732 858 arte
1755 792 1802 859 ad
1818 789 2037 858 deditionem
2058 788 2190 879 coegit3
2218 813 2323 880 saepe
2343 816 2496 883 magnos

457 911 498 967 ut
530 899 575 965 ad
610 909 804 964 extremum
831 896 926 965 Galli
956 923 1017 989 spe
1049 899 1185 967 abiecta
1212 897 1447 990 recuperandi
1501 892 1674 963 exercitus
1692 887 1913 961 Venetorum
1937 891 2161 983 profligavit;
2195 916 2348 986 cumque
2364 894 2495 965 Veneti

457 997 589 1088 Belgici
600 1051 611 1079 ,
639 1021 761 1086 pacem
782 999 876 1066 ultro
894 1014 1111 1090 expeterent.
1501 1021 1678 1067 summam
1698 995 1842 1086 imperii
1858 993 2119 1064 commisissent
2134 988 2416 1066 Bartholemaeo
2432 998 2496 1067 Li-

559 1100 687 1168 Postea
716 1114 839 1190 pacata
874 1103 1010 1170 ditione
1035 1102 1285 1192 Burgundica,
1321 1126 1449 1193 prope·
1501 1098 1631 1181 viano,
1665 1121 1771 1191 quern
1793 1123 1927 1182 unum,
1953 1097 2054 1190 (quia
2081 1097 2242 1167 omnium
2268 1096 2344 1168 eius
2368 1104 2497 1172 aetatis

458 1202 552 1271 ravit
572 1202 610 1270 in
626 1202 829 1285 Austriam,
856 1218 896 1273 ut
918 1206 1074 1295 patrium
1097 1203 1276 1274 Ducatum
1303 1229 1449 1295 recupe-
1501 1200 1641 1271 Ducum
1668 1199 1915 1270 callidissimus
1939 1213 1974 1268 et
1997 1199 2231 1289 peritissimus
2254 1199 2292 1268 in
2309 1198 2413 1271 ltalia
2433 1229 2499 1295 pu-

458 1318 567 1372 raret.
618 1303 711 1373 Nam
738 1301 928 1388 Matthias,
957 1307 1034 1375 Rex
1054 1307 1288 1390 Pannoniae,
1310 1308 1447 1376 bonam
1501 1303 1663 1400 tabatur)
1697 1304 2050 1394 opponendum‘esse
2076 1301 2327 1371 Maximiliano
2352 1329 2496 1376 censue·

456 1405 621 1475 Austriae
637 1419 775 1497 partem
794 1410 976 1476 ademerat
989 1408 1174 1506 Friderico
1191 1406 1261 1492 lll.,
1289 1422 1450 1479 metuens
1502 1419 1601 1474 rant:
1636 1429 1821 1498 nunquam
1846 1428 1962 1498 neque
1988 1404 2068 1473 ullis
2090 1406 2135 1472 ab
2160 1429 2202 1473 eo
2226 1405 2495 1480 difficultatibus

457 1532 503 1578 ne
526 1521 607 1598 post
629 1534 730 1578 suam
756 1523 909 1578 mortem
929 1511 1107 1580 Austriaci
1132 1517 1282 1601 regnuul
1303 1512 1449 1602 Hunga·
1503 1509 1784 1590 circumventus,
1809 1531 1926 1601 neque
1948 1507 2022 1575 acie
2050 1506 2162 1576 victus
2184 1521 2247 1577 est.
2301 1506 2378 1600 lpse
2406 1536 2494 1580 vero

457 1611 532 1680 riae
555 1610 623 1680 sibi
639 1611 873 1682 vindicarent.
924 1613 1450 1685 acMaximilianusnon..tan-
1502 1609 1674 1680 Livianus
1701 1635 1781 1679 cum
1809 1634 1914 1702 saepe
1940 1608 2047 1691 alias,
2081 1622 2157 1678 tum
2182 1610 2242 1678 illa
2267 1614 2493 1684 memorabili

458 1727 535 1803 tum
560 1714 695 1802 recepit
713 1714 870 1805 patrium
889 1715 1089 1799 Ducatum,
1111 1717 1174 1787 sed
1191 1717 1299 1787 etiam
1316 1717 1452 1807 ingres·
1502 1733 1622 1805 pugna
1642 1712 1880 1797 Vincentius,
1912 1724 1948 1783 et
1966 1711 2134 1795 consilio,
2159 1724 2194 1782 et
2207 1714 2423 1785 tortitudine
2437 1739 2495 1786 su·

459 1812 518 1886 sus
535 1815 757 1906 Hungariam
782 1841 862 1886 cum
889 1819 1066 1901 exercitu,
1092 1821 1225 1889 bonam
1248 1821 1349 1910 regni
1369 1843 1451 1910 par·
1503 1828 1647 1908 peratus
1662 1828 1725 1889 est.
1778 1815 1870 1887 Nam
1886 1840 1968 1889 cunr
1987 1828 2103 1887 essent
2120 1814 2268 1906 exiguae
2285 1831 2493 1888 nostrorum

461 1931 531 1985 tem
555 1919 762 2009 occupavit,
796 1933 830 1988 et
851 1920 979 1990 Albam
1010 1920 1178 2012 [legalem
1204 1935 1450 2013 oppugnatam
1503 1915 1648 2010 copiae,
1684 1931 1719 1988 et
1741 1916 1913 1989 Livianus
1944 1919 2034 1986 adeo
2057 1929 2190 1985 certam
2212 1919 2281 1988 sibi
2303 1920 2494 1990 victoriam

462 2021 498 2085 vi
513 2021 617 2111 cepit.
1503 2021 1749 2113 promitteret,
1775 2023 1926 2091 confisus
1950 2033 1985 2089 et
2008 2043 2159 2088 numero
2182 2032 2218 2088 et
2232 2021 2303 2090 loci
2320 2036 2495 2114 opportu-

562 2122 780 2219 Quanquam
806 2135 924 2194 autem
947 2125 1058 2216 potiri
1080 2126 1246 2195 universa
1266 2125 1451 2217 Hungarin
1503 2124 1635 2205 nitate,
1660 2137 1701 2192 ut
1723 2136 1890 2192 evocaret
1903 2120 2061 2192 Venetos
2078 2144 2120 2190 ex
2136 2124 2225 2192 urbe
2245 2125 2338 2192 velut
2354 2128 2399 2193 ad
2413 2116 2496 2218 sps

459 2220 598 2317 posset,
625 2238 745 2295 tamen
772 2239 809 2296 et
836 2240 983 2318 propter
1007 2229 1326 2313 necessitudinem,
1358 2246 1452 2322 qnae
1504 2226 1701 2309 ctaculum,
1742 2229 1788 2295 ad
1823 2226 2012 2296 videndam
2043 2227 2185 2295 caedem
2212 2225 2494 2313 Germanorum,

460 2326 493 2397 ei
508 2352 589 2399 cum
604 2324 763 2419 Regibus
776 2329 951 2399 Poloniae
968 2345 1121 2415 eratsex
1139 2355 1295 2426 quorum
1313 2330 1450 2400 familia
1503 2329 1630 2412 nostri,
1647 2328 1825 2399 intellecto
1842 2324 1998 2399 bostium
2012 2327 2175 2413 consilio,
2191 2354 2271 2401 curn
2289 2342 2405 2401 essent
2418 2353 2494 2419 non

461 2429 595 2520 llegem
614 2431 777 2522 Hungari
802 2434 1056 2512 accersierant;
1085 2447 1120 2502 et
1142 2459 1187 2502 ne
1209 2433 1452 2524 grassantibus
1504 2432 1658 2522 amplius
1680 2432 2037 2526 qninqummillibns,
2067 2454 2112 2501 ne
2134 2456 2153 2499 a
2175 2432 2407 2508 multitudine
2428 2434 2494 2503 cir·

461 2556 505 2631 eo
526 2534 605 2625 ipso
623 2548 784 2626 tempore
800 2535 929 2605 'l'urcis
944 2536 981 2605 in
1000 2535 1137 2628 Mysia,
1162 2538 1352 2628 praeberet
1367 2561 1452 2605 con·
1476 2513 1480 2578 l
1504 2534 1701 2621 cumveniri
1717 2549 1881 2627 possent,
1908 2547 2118 2626 properant,
2145 2546 2185 2603 ut
2200 2535 2358 2607 vicinum
2376 2549 2494 2604 tumu-

463 2637 574 2704 teutio
606 2640 650 2704 de
675 2661 785 2726 regno
809 2637 1031 2707 occasionem
1058 2637 1283 2707 invadendae
1304 2638 1452 2728 Hunga-
1476 2714 1479 2727 ,
1503 2637 1576 2704 lum
1611 2651 1804 2728 occupent,
1836 2638 1898 2709 ubi
1929 2637 2055 2732 iniquo
2085 2634 2165 2711 loeo
2190 2631 2310 2709 hostes
2332 2661 2495 2728 pugnare

461 2737 552 2806 riae:
587 2739 688 2808 duxit
710 2739 932 2830 sibiRegem
957 2764 1079 2810 recens
1097 2741 1336 2823 accersitum,
1369 2766 1449 2810 cum
1476 2744 1479 2817 ζ
1503 2742 1696 2829 cogebant,
1734 2753 1768 2809 et
1793 2739 1875 2808 inde
1903 2752 2004 2807 tanto
2032 2740 2166 2829 impetu
2193 2741 2428 2808 decurrerunt
2456 2740 2495 2806 in

459 2840 605 2933 quidem
633 2856 805 2930 cognatus
834 2855 942 2924 esset,
977 2856 1092 2910 matre
1121 2857 1228 2912 natus
1250 2843 1452 2926 Austriaca,
1475 2831 1480 2932 ξ
1503 2841 1678 2924 Venetos,
1714 2856 1753 2911 ut
1775 2843 1927 2932 amplius
1950 2867 2011 2912 sex
2034 2840 2189 2910 millibus
2210 2841 2395 2910 trucidatis
2418 2866 2497 2909 ma-

459 2944 563 3012 certis
598 2945 864 3013 conditionibus
896 2944 1163 3035 adiungendum
1199 2969 1295 3028 esse,
1345 2945 1450 3039 eique
1476 2937 1480 2970 ²
1504 2969 1610 3036 gnam
1635 2943 1900 3014 multitudinem
1916 2945 2023 3013 etiam
2042 2945 2254 3027 inermium,
2281 2944 2497 3036 quispecta·

462 3042 684 3145 llungariam
709 3045 865 3138 reliquit.
1477 3109 1480 3125 ,
1504 3059 1580 3118 tum
1599 3060 1789 3130 venerant,
1817 3048 1855 3115 in
1874 3048 1998 3118 castris
2016 3047 2186 3138 ceperint.

564 3142 721 3239 Sequuta
742 3159 826 3217 sunt
844 3145 974 3216 deinde
993 3144 1062 3216 alie
1079 3146 1193 3232 bella,
1218 3146 1452 3232 Flandrenss,
1477 3148 1481 3239 i
1604 3147 1694 3218 Cum
1711 3150 1845 3220 Caesar
1866 3174 1924 3220 res
1937 3146 2159 3220 Venetorum
2178 3147 2336 3240 graviter
2346 3144 2495 3218 afflixis-

460 3248 675 3331 Geldrense,
701 3263 736 3318 et
754 3250 996 3332 Helveticum,
1023 3252 1062 3320 in
1082 3250 1213 3344 quibus
1233 3276 1310 3323 non
1333 3253 1452 3323 solum
1476 3264 1481 3337 f
1501 3265 1579 3334 est,
1603 3266 1638 3323 et
1660 3253 1849 3346 plerasque
1871 3276 1995 3324 eornm
2014 3252 2121 3322 nrbes
2140 3263 2293 3320 teneret:
2320 3251 2418 3342 Papa
2438 3248 2495 3319 lu-

459 3352 570 3446 ipsins
589 3354 703 3423 virtus
718 3354 756 3422 in
772 3355 1005 3445 subiugandis
1030 3350 1191 3425 hostibus
1215 3356 1363 3439 enituit,
1389 3358 1452 3426 sed
1502 3357 1571 3426 lius
1594 3356 1755 3425 desciscit
1777 3359 1822 3425 ad
1837 3354 2004 3427 Venetos.
2057 3355 2221 3423 Habebat
2241 3367 2359 3424 autern
2385 3351 2496 3425 lulius

459 3454 568 3525 etiam
590 3456 627 3525 in
651 3456 802 3526 victoria
827 3442 1018 3549 singularis
1042 3453 1245 3527 moderatio
1270 3460 1375 3529 laude
1398 3458 1452 3525 di·
1502 3457 1724 3530 firmissimas
1748 3458 1890 3550 copias,
1923 3471 1959 3528 et
1983 3458 2067 3552 quia
2093 3457 2207 3526 videri
2227 3458 2370 3528 volebat
2393 3480 2435 3525 eo
2457 3481 2495 3525 se

459 3583 529 3652 gna
551 3560 629 3630 fuit.
681 3559 811 3630 Postea
835 3561 965 3630 exarsit
988 3562 1113 3652 ingens
1135 3562 1267 3630 bellum
1284 3561 1322 3630 in
1335 3560 1452 3629 Bava·
1476 3518 1480 3601 l
1504 3563 1549 3629 ad
1565 3559 1723 3636 Venetos
1745 3564 1929 3644 conferre,
1954 3574 1997 3631 ut
2010 3558 2170 3643 ltaliam,
2193 3581 2289 3652 qnae
2305 3583 2324 3628 a
2343 3560 2495 3630 Germa·

459 3662 534 3744 ria,
561 3686 640 3731 cum
662 3664 847 3734 Palatinus
864 3660 1002 3746 Rheni,
1026 3676 1167 3756 partem
1186 3663 1363 3733 Bavarise
1383 3664 1449 3733 sibi
1476 3654 1479 3666 ⁸
1503 3665 1558 3735 nis
1581 3677 1615 3732 et
1634 3663 1747 3735 Gallis
1768 3664 2045 3745 dilaceraretur,
2071 3659 2125 3731 his
2145 3662 2297 3732 miseriis
2312 3664 2494 3744 liberaret,

461 3762 643 3833 vindicare
667 3778 876 3849 conaretur,
900 3791 965 3836 nec
987 3767 1032 3836 ab
1052 3790 1096 3835 eo
1114 3767 1264 3838 consilio
1281 3764 1451 3861 aequissi·
1501 3768 1605 3836 laeile
1630 3765 1697 3836 sibi
1726 3767 1900 3860 reliquam
1927 3765 2065 3835 ltaliam
2090 3766 2265 3835 adiunxit.
2316 3765 2495 3833 Erebita·

451 3865 529 3943 ¹mis
545 3867 827 3952 conditionibus,
854 3895 873 3937 a
889 3870 1139 3939 Maximiliano
1154 3870 1363 3961 propositis,
1390 3872 1451 3937 ab·
1477 3922 1479 3928 .
1504 3894 1573 3964 que
1590 3871 1680 3939 bene
1695 3883 1862 3961 paratus,
1889 3883 1924 3938 et
1938 3873 2074 3951 animo,
2097 3882 2138 3937 ut
2154 3870 2303 3949 solebat,
2329 3868 2402 3935 acri
2419 3856 2521 3935 bel·‘

459 3969 542 4041 duci
560 3982 689 4060 posset.
1476 4020 1480 4060 ἱ
1503 3974 1577 4043 lum
1594 3997 1716 4063 gerere
1735 3972 1866 4063 coepit.
2501 3976 2509 3991 ’

562 4070 603 4140 ln
627 4096 669 4142 eo
690 4073 784 4142 bello
801 4072 1069 4145 Maximilianns
1094 4073 1284 4170 aliquoties
1307 4076 1381 4143 acie
1399 4076 1451 4142 di·
1476 4063 1480 4174 l
1606 4075 1729 4167 Quare
1757 4088 1793 4143 et
1811 4073 2015 4143 Ludovicus
2043 4074 2116 4141 iam
2142 4074 2281 4141 maiore
2306 4095 2390 4142 cura
2416 4095 2492 4140 rem

457 4173 606 4244 micavit
626 4199 705 4245 cum
723 4177 880 4247 Palatini
902 4178 1124 4249 exercitibus.
1177 4180 1233 4248 Ad
1253 4191 1451 4248 extremum
1504 4182 1694 4270 gerendam
1726 4177 1950 4257 existimans,
1983 4177 2115 4245 bellum
2146 4188 2298 4268 apparat
2325 4175 2494 4246 omnibns

457 4277 567 4345 etiam
590 4281 804 4351 acerrimum
828 4282 1003 4371 praelium
1029 4303 1109 4350 cum
1129 4280 1268 4351 auxiliis
1281 4275 1452 4354 Bohemi·
1475 4285 1479 4380 l
1502 4280 1650 4381 ,viribus
1687 4279 1777 4351 Cum
1795 4279 1906 4370 igitur
1922 4280 2061 4349 videret
2077 4278 2357 4360 Maximilianus,
2381 4301 2494 4373 qnan-

459 4378 511 4449 eis'
533 4382 731 4468 commisit,
757 4383 795 4450 in
814 4408 886 4476 qno
902 4408 982 4454 cum
996 4380 1149 4452 Bohemi
1165 4383 1277 4452 veteri
1290 4384 1449 4477 quadam
1503 4396 1539 4452 ta
1557 4383 1641 4452 belli
1657 4384 1768 4452 moles
1785 4383 2029 4473 impenderet,
2054 4395 2089 4451 et
2107 4382 2321 4471 intelligeret
2344 4383 2383 4450 in
2398 4405 2494 4452 snm·

460 4481 648 4574 disciplina
665 4485 760 4554 vallo
777 4485 908 4555 muniti
922 4510 959 4556 se
978 4488 1212 4556 defenderent
1227 4486 1450 4569 bombardis,
1476 4483 1480 4546 l
1503 4511 1565 4555 mo
1589 4486 1748 4578 periculo
1771 4486 1927 4554 suturam
1954 4484 2115 4568 ltaliam,
2141 4479 2170 4555 si
2186 4484 2281 4554 Galli
2306 4489 2494 4555 essent'sn-

431 4584 535 4678 ipse
561 4586 600 4654 in
623 4587 739 4679 prima
764 4588 840 4658 'arie
866 4613 990 4661 everso
1016 4590 1114 4658 vallo
1139 4590 1312 4680 impetum
1331 4590 1370 4656 in
1387 4584 1452 4657 ho-
1476 4620 1479 4674 ς
1503 4589 1679 4681 periotes:
1726 4585 1893 4658 hortatur
1925 4587 2134 4657 Pontificem
2166 4611 2231 4679 per
2265 4588 2421 4678 legatos,
2454 4600 2495 4658 ut

459 4699 529 4774 stes
550 4689 653 4775 lecit,
687 4704 722 4761 et
742 4716 826 4763 snos
847 4694 1030 4785 perculsos
1054 4717 1095 4761 ac
1121 4693 1325 4761 dubitantes
1349 4691 1451 4785 sequi
1476 4699 1479 4786 ᾗ
1504 4705 1611 4761 antor
1628 4692 1726 4784 pacis
1749 4715 1824 4761 esse
1848 4691 1969 4774 malit,
1996 4715 2104 4786 quam
2130 4692 2285 4761 excitare
2306 4690 2422 4760 maius
2439 4690 2493 4758 in-

425 4874 429 4882 ,
457 4815 495 4864 se
521 4792 559 4862 in
585 4795 761 4887 praelium
795 4796 922 4888 coegit.
987 4791 1039 4865 lta
1075 4795 1261 4865 trucidatis
1293 4806 1451 4889 quatuor
1476 4793 1479 4869 ζ
1501 4795 1688 4877 cendinm,
1721 4796 1819 4888 quod
1839 4795 2027 4865 universae
2047 4792 2170 4862 ltaliae
2186 4793 2388 4864 vastitatem
2405 4791 2493 4862 alla-

458 4897 614 4969 niillibus
638 4895 906 4982 Bohemorum,
940 4899 1098 4992 reliquos
1121 4899 1159 4966 in
1181 4900 1302 4989 fugam
1330 4896 1450 4981 vertit,
1475 4887 1479 4972 l
1502 4911 1623 4967 turum
1648 4898 1840 4967 videretur.
1898 4896 1966 4966 Sed
1991 4921 2071 4968 cum
2095 4893 2183 4967 haec
2201 4898 2333 4967 frustra
2358 4908 2494 4986 ageret,

456 5014 492 5071 et
513 5026 594 5072 cnm
618 5002 813 5071 Bavariam
834 5001 997 5092 pericrdo
1021 5001 1206 5083 liberavit,
1240 5012 1317 5070 tum
1342 5000 1451 5070 Pala·
1466 5001 1478 5082 ,ἶ
1500 5000 1639 5091 ingenti
1664 5000 1802 5092 praelio
1827 4999 2035 5069 Pontificius
2060 5000 2235 5070 exercitus
2259 4999 2374 5069 victus
2396 5010 2491 5068 esta

455 5106 571 5177 tinum
597 5110 642 5175 ad
666 5130 789 5197 pacem
816 5099 1006 5195 petendam
1033 5104 1217 5194 compulit.
1501 5103 1614 5174 Gallis
1629 5105 1675 5171 ad
1688 5102 1911 5174 Ravennam.
1962 5102 2158 5197 Nunquam
2176 5116 2298 5174 nostra
2315 5100 2489 5170 memoria

558 5210 628 5279 Sed
651 5220 827 5303 quantum
855 5206 1005 5277 consilio
1028 5217 1063 5275 et
1096 5206 1342 5297 magnitudine
1372 5210 1448 5277 ani·
1502 5207 1618 5277 acrius
1641 5206 1945 5302 dimicatum-est,¹
1973 5206 2069 5276 nulla
2097 5208 2188 5275 lacta
2207 5204 2325 5273 maior
2341 5217 2490 5293 strages,

457 5312 507 5378 mi
539 5311 763 5392 excelluerit,
803 5309 934 5379 clarius
967 5307 1074 5376 etiam
1113 5309 1150 5376 in
1180 5308 1317 5381 Veneto
1353 5312 1448 5382 bello
1472 5331 1609 5403 ‚quam
1632 5308 1671 5377 in
1687 5333 1732 5377 eo
1748 5310 1895 5400 praelio.
1947 5306 1998 5378 lta
2016 5310 2110 5377 enim
2127 5303 2379 5399 etluliusipse
2398 5306 2489 5375 iudi-

457 5413 614 5504 conspici
638 5413 775 5509 potuit,
809 5412 940 5505 inquo
965 5436 1045 5481 cum
1069 5409 1301 5503 intelligeret,
1334 5437 1448 5507 qnam
1471 5395 1476 5530 l
1499 5413 1611 5495 eavit,
1631 5424 1786 5504 accepta
1805 5407 1872 5481 hac
1889 5413 2009 5491 clade,
2040 5413 2081 5480 in
2101 5426 2260 5482 extremo
2278 5407 2436 5503 periculo
2451 5431 2489 5477 se

456 5523 499 5581 ta'
522 5530 613 5586 esset
632 5513 852 5585 Venetorum
878 5514 1057 5607 potentia,
1090 5516 1264 5605 pertraxit
1291 5518 1337 5585 ad
1362 5517 1446 5588 belli
1471 5540 1475 5604 ς
1496 5527 1534 5584 et
1544 5517 1751 5586 nniversam
1767 5513 1906 5584 ltaliam
1922 5517 2068 5586 versari.
2118 5565 2121 5572 -
2190 5556 2194 5576 ι

456 5618 661 5688 societatem
701 5618 836 5709 Regem
879 5619 1066 5689 Gallorum
1108 5616 1333 5690 Ludovicnm
1371 5607 1474 5697 Xstl
1542 5663 1545 5670 ·
1592 5618 1723 5711 'Quare
1737 5619 1857 5690 statim
1873 5615 2219 5689 cnm=Maximiliano
2236 5620 2281 5686 de
2299 5613 2492 5708 perungit,

455 5717 715 5795 Munitissimas
738 5725 866 5806 urbes,
897 5720 1108 5805 Patavium,
1135 5720 1340 5804 Veronam,
1365 5721 1445 5791 Rri·
1468 5715 1473 5801 }
1497 5719 1580 5815 quie
1608 5734 1648 5791 nt
1668 5718 1790 5790 ltaliae
1809 5723 1915 5793 saluti
1931 5722 2151 5803 consuleret,
2178 5719 2364 5791 ludovico
2380 5718 2490 5789 etiam

453 5828 569 5910 iiam,
605 5839 640 5897 et
669 5827 859 5922 plerasque
883 5827 971 5896 alias
994 5824 1125 5917 partim
1154 5824 1191 5890 vi
1214 5826 1445 5916 expugnavit,
1468 5813 1472 5837 ³
1493 5822 1594 5916 paris
1622 5819 1739 5895 autor
1756 5838 1870 5897 erat.==
1906 5826 1975 5896 Sed
2000 5847 2080 5894 cum
2102 5824 2163 5892 ille
2189 5821 2380 5916 ireatqne
2404 5822 2488 5892 odio
