5534 6700
487 597 565 674 707
992 592 1134 670 rull.
1159 593 1274 668 MEL.
1299 585 1502 667 SCRIPTA
1527 590 1659 665 VARll
1683 591 1987 670 ARGUMEN'l’l.
2013 598 2016 604 '
2444 601 2524 680 708

490 794 601 866 opera
625 771 824 864 imputatur
847 768 994 841 institia.
1044 766 1102 840 'l'u
1128 769 1205 861 lege
1228 767 1375 839 Galatas
1400 767 1480 837 dili-
1530 766 1713 837 iustificari
1737 769 1834 852 sola,
1860 781 1988 860 putare
2004 770 2149 859 vulgus,
2175 772 2404 845 credentibus
2417 778 2527 871 quid·

490 888 633 968 genter,
660 885 695 943 et
717 872 954 965 caputX.ad
970 871 1167 957 Romanos,
1193 871 1278 939 item
1296 883 1479 964 quartum.
1530 869 1584 939 vis
1607 870 1730 957 licere,
1773 871 1858 966 quia
1880 873 1987 940 fidem
2010 872 2117 963 vulgo
2140 895 2215 941 uon
2238 897 2307 965 pro
2329 878 2462 949 fiducia
2485 883 2525 951 in

492 977 617 1068 Cogita
639 979 736 1066 apud
755 988 811 1059 te,
837 978 1021 1069 quomodo
1039 976 1087 1047 sis
1106 973 1359 1045 conscientiam
1381 985 1480 1042 tran-
1530 969 1668 1056 Deum,
1706 974 1768 1043 sed
1800 996 1867 1065 pro
1896 970 2065 1044 historica
2089 986 2229 1046 tantum
2253 981 2463 1071 cognitione
2484 985 2522 1054 in

491 1078 704 1174 quillaturus
728 1102 793 1170 per
816 1079 935 1150 lidem.
995 1077 1053 1148 Sic
1074 1077 1209 1148 Paulus
1230 1076 1350 1170 inquit
1370 1074 1479 1147 Rom.
1529 1073 1609 1144 Deo
1631 1075 1786 1146 solemus
1807 1099 2001 1168 usurpare,
2034 1077 2142 1173 idque
2166 1082 2378 1170 perniciose.
2450 1087 2522 1158 Ubi

490 1178 548 1251 lX.
561 1177 744 1251 lustiticati
764 1179 875 1273 igitur
890 1205 933 1250 ex
947 1181 1035 1264 fide,
1061 1203 1185 1272 pacem
1207 1175 1380 1249 babemus
1394 1201 1478 1270 erga
1531 1190 1652 1246 tamm
1681 1177 1758 1270 ipso
1781 1180 1929 1270 proprie
1956 1179 2044 1272 quid
2063 1180 2110 1250 sit
2126 1181 2235 1266 fides,
2269 1209 2312 1253 cx
2339 1190 2522 1262 canonicis

489 1285 609 1353 deum,
1530 1279 1715 1372 scripturis
1737 1279 1929 1365 diducens,
1954 1282 2088 1373 poteris
2111 1284 2156 1352 de
2172 1287 2362 1358 doctorum
2381 1293 2523 1384 scriptis

591 1384 746 1456 Videbat
765 1385 1006 1478 Augustinus,
1037 1399 1177 1455 tantum
1198 1386 1304 1455 fidem
1329 1382 1479 1477 requiri,
1530 1382 1688 1454 iudicare
1710 1381 1842 1455 sanius.
1899 1383 2002 1456 Vide.
2028 1384 2064 1455 ³.
2085 1400 2192 1478 caput
2211 1385 2312 1461 loan.
2372 1392 2429 1463 De
2454 1398 2522 1466 fide

490 1483 560 1555 boc
584 1500 655 1571 est,
680 1485 886 1558 historicam
911 1489 1169 1558 confessionem
1193 1489 1237 1557 de
1255 1482 1418 1570 Christo,
1443 1498 1481 1555 et
1530 1480 1693 1557 Christus
1721 1485 1797 1578 ipse
1828 1487 2074 1558 concionatur.
2139 1488 2277 1576 Porro,
2311 1497 2410 1588 quod
2431 1499 2522 1570 alias

491 1612 566 1658 non
582 1590 763 1683 explorari
777 1615 901 1662 eorum
917 1594 1042 1675 vitam,
1057 1593 1120 1686 qui
1134 1617 1176 1660 ex
1188 1590 1309 1659 animo
1320 1590 1479 1672 credant,
1531 1589 1638 1658 etiam
1665 1612 1773 1680 opera
1799 1590 1992 1682 praecipit,
2023 1590 2134 1674 bene,
2160 1594 2220 1663 sed
2245 1618 2285 1663 ea
2302 1598 2374 1667 nisi
2391 1599 2428 1667 in
2444 1625 2521 1670 cre·

491 1715 558 1762 nec
571 1716 628 1763 ne.
681 1693 774 1766 Nam
788 1694 847 1763 illa
862 1691 1031 1766 historica
1053 1693 1228 1765 confessio
1238 1691 1285 1787 ¹⁴)
1305 1704 1357 1763 est
1370 1691 1480 1762 simu·
1531 1692 1637 1761 dente
1658 1714 1734 1760 non
1756 1693 1859 1762 fiunt.
1910 1692 2075 1762 Breviter
2089 1689 2146 1784 ¹⁵).
2206 1695 2382 1784 Doctrina
2403 1701 2523 1772 Evan-

491 1794 580 1865 latio
603 1796 679 1865 sine
706 1797 833 1866 fiducia
861 1797 898 1866 in
925 1799 1043 1866 corde.
1106 1794 1153 1866 Et
1174 1796 1378 1890 ubicunque
1403 1816 1479 1863 non
1531 1793 1613 1886 gelli
1646 1795 1690 1863 de
1722 1794 1810 1878 fide,
1844 1806 1896 1865 est
1929 1795 2227 1868 conscientiarum
2261 1804 2463 1874 consolatio
2488 1818 2522 1874 et

492 1910 576 1968 sunt
597 1899 692 1968 bona
713 1923 841 1992 opera,
866 1911 960 1970 certe
976 1899 1027 1968 ibi
1042 1922 1118 1968 non
1135 1911 1188 1970 est
1204 1901 1309 1983 fides,
1335 1897 1398 1969 sed
1413 1896 1479 1965 im·
1531 1896 1766 1966 confirmatio.
1807 1895 1916 1990 Quod
1931 1898 1962 1969 si
1978 1921 2021 1967 eo
2034 1902 2244 1990 respexeris,
2269 1904 2377 1974 fidem
2392 1907 2522 1977 intelli·

491 1999 617 2092 pietas.
672 1999 785 2086 Vide,
808 2002 896 2097 quid
910 2001 1129 2094 Augustinus
1150 2003 1245 2072 dicat
1265 2002 1304 2070 in
1322 2001 1417 2070 libro
1435 2001 1479 2069 de
1531 2023 1601 2093 ges.
1660 1999 1730 2070 Sed
1758 2022 1833 2068 non
1865 2000 1983 2071 scribo
2007 2003 2326 2091 commentarium,
2360 2010 2523 2082 fortassis

491 2103 561 2172 lide
584 2116 619 2173 et
641 2104 819 2195 operibus.
870 2104 948 2179 Nisi
961 2107 1151 2197 praecedat
1164 2107 1269 2188 fides,
1294 2105 1389 2174 bona
1404 2103 1479 2172 vita
1530 2097 1619 2172 baec
1642 2103 1719 2194 ipsa
1741 2101 1843 2171 brevi
1862 2103 2074 2195 locupletius
2095 2117 2249 2178 acturus.
2300 2108 2357 2181 Tu
2379 2112 2460 2202 lege
2477 2113 2525 2181 li-

492 2205 594 2299 sequi
618 2229 692 2275 non
715 2210 859 2299 poterit.
909 2207 1091 2302 Quicquid
1115 2208 1210 2277 enim
1234 2202 1346 2276 homo
1368 2204 1480 2275 veluti
1530 2206 1636 2276 brum
1660 2205 1704 2274 de
1724 2204 1890 2275 libertate
1916 2200 2109 2278 christiana
2131 2205 2300 2294 Lutberi,
2330 2225 2367 2282 et
2387 2237 2434 2283 ne
2456 2237 2524 2305 pa·

490 2319 627 2377 rectm
646 2309 788 2393 fecerit,
811 2310 889 2380 ‘nisi
908 2312 955 2380 ad
968 2311 1159 2403 pietatem,
1186 2333 1278 2405 quae
1299 2311 1345 2379 ad
1361 2307 1479 2378 Deum
1531 2307 1621 2377 tiarc
1644 2318 1680 2377 te
1702 2307 1843 2376 avellia
1860 2310 2023 2378 doctrina
2038 2311 2163 2382 crucis.
2214 2311 2296 2384 Scio
2313 2315 2426 2385 rideri
2442 2338 2523 2385 carn

493 2411 687 2497 referatur,
713 2425 849 2482 rectum
872 2413 941 2482 dici
965 2438 1040 2483 non
1059 2425 1187 2505 potest.
1238 2411 1330 2482 Ecce
1344 2413 1479 2481 bonam
1532 2404 1763 2500 aSophistis;
1794 2411 1855 2481 sed
1876 2422 1917 2481 tu
1938 2412 2028 2483 scias
2050 2414 2252 2504 praedicari
2270 2415 2522 2511 Evangeliuna,

492 2514 706 2584 sententiam
729 2518 773 2585 de
793 2516 874 2586 fide.
926 2514 995 2586 Sed
1017 2517 1104 2612 quid
1124 2513 1262 2586 multa?
1313 2512 1481 2606 Augusti·
1531 2511 1718 2584 stultitiam
1736 2516 1972 2585 essemundo.
2022 2513 2124 2588 Vale.

491 2638 559 2687 nus
581 2617 724 2688 tenuius
748 2617 909 2713 loquitur
933 2620 977 2689 de
998 2621 1067 2689 fide
1092 2619 1130 2687 in
1155 2630 1233 2688 toto
1254 2617 1323 2689 isto
1345 2617 1481 2702 libello,
1632 2613 1698 2685 Est
1722 2614 1862 2687 libellus
1882 2616 1977 2688 inter
1991 2617 2250 2692 Ambrosianus
2270 2646 2347 2692 non
2371 2623 2522 2707 inutilis,

493 2730 529 2788 et
549 2717 587 2786 in
607 2719 787 2815 plerisque
810 2721 889 2792 aliis
911 2722 1049 2793 melius.
1100 2720 1225 2792 Voluit
1241 2720 1336 2791 enim
1354 2743 1480 2790 cavere
1532 2717 1772 2812 cuiuscunque
1796 2721 1932 2793 autoris
1955 2719 2049 2817 (non
2070 2722 2164 2792 enim
2179 2722 2362 2797 Ambrosii
2384 2726 2458 2823 est)
2480 2728 2523 2796 de

490 2815 562 2890 boc
579 2824 675 2914 apud
693 2823 819 2915 vulgus
832 2824 1042 2916 periculum,
1058 2826 1154 2918 quod
1167 2825 1197 2896 si
1214 2824 1394 2894 diceretur
1411 2823 1481 2892 fide
1531 2821 1721 2893 vocatione
1739 2821 1919 2914 gentium,
1953 2848 2059 2920 quem
2082 2837 2121 2896 tu
2137 2827 2224 2920 lege.
2272 2825 2410 2898 lterum
2433 2829 2525 2900 vale.

493 2976 698 2990 *-

447 3112 452 3119 ⁸
529 3051 578 3110 1⁴)
594 3052 697 3104 Aruot.
715 3063 818 3118 scarp:
841 3051 981 3105 noune·
997 3052 1148 3106 esuum.
1568 3053 1617 3116 15)
1633 3056 1736 3111 annot.
1752 3066 1858 3123 marg:
1880 3054 2020 3123 spuens.
