5534 6700
255 602 335 683 526
442 598 487 670 V.
539 594 799 671 fflsrotttst.
825 595 1066 692 Qusuutst
1088 592 1370 667 RECITATAII
1395 591 1546 667 INTER
1571 590 1806 671 PUBmcss
1828 592 2112 669 Lucrtuttus
2217 594 2294 675 526

286 856 288 861 ¹
360 769 454 844 XVI.
487 770 580 861 Cum
603 774 643 841 in
664 784 844 851 conventu
859 764 1164 862 Wornsatisnsi')
1180 765 1249 837 Eu-
1299 761 1671 837 Daniaerristianus
1680 765 1736 859 ¹(re
1751 780 1786 837 ct
1801 767 1979 861 nornine),
1988 770 2122 864 quique
2132 783 2206 839 turn
2219 785 2297 840 erat

258 876 333 947 cius
357 878 561 968 disputaret
585 899 666 945 curn
689 870 928 956 Luthcranis,
961 882 1148 962 praesente
1173 868 1252 939 Fri·
1300 867 1339 937 in
1361 869 1443 939 aula
1460 864 1684 939 Manthionis
1706 866 1899 954 Ioacbimi,
1929 872 2074 942 accessit
2092 886 2127 943 et
2152 874 2189 941 iu
2209 875 2296 944 fune

257 979 380 1051 derico
396 977 497 1049 Duce
513 976 711 1060 Saxonias,
734 974 855 1061 Laicis
875 999 950 1045 non
974 999 1049 1045 esse
1065 971 1252 1065 porrigen·
1301 972 1386 1040 fecit
1410 975 1559 1042 nodum.
1585 1046 1588 1051 ,
1611 968 1813 1043 Monachus
1838 997 1920 1043 cum
1942 978 2006 1045 diu
2027 1000 2065 1045 se
2091 977 2297 1047 abscondis·

258 1085 346 1171 durn
373 1091 640 1153 sacramentum
662 1080 876 1172 inutraque
896 1076 1034 1169 specie,
1077 1075 1253 1145 allocutus
1302 1086 1375 1157 set,
1401 1086 1437 1143 et
1451 1098 1595 1166 surgere
1610 1075 1734 1159 vellet,
1759 1099 1826 1143 nec
1841 1076 1913 1145 iam
1930 1091 2051 1168 posset
2066 1090 2216 1168 propter
2230 1103 2299 1148 no·

258 1198 312 1255 est
328 1182 585 1266 anEccium,
611 1206 765 1276 eumque
781 1179 1035 1270 interrogavit,
1061 1177 1125 1272 qui
1140 1179 1253 1259 fieret,
1304 1178 1412 1260 dum,
1443 1176 1600 1247 clamare
1624 1176 1803 1272 coepit⁷):
1844 1176 1971 1249 Videte
1996 1180 2167 1249 iniuriam
2190 1180 2299 1272 pessi·

259 1290 359 1383 quod
390 1285 558 1376 Papistae
591 1279 827 1377 prohiberent
860 1283 1101 1375 sumptionem
1136 1303 1254 1351 sacra·
1304 1298 1448 1349 morum
1472 1275 1786 1363 Lutheranorum,
1827 1282 1935 1351 etiarn
1969 1283 2007 1351 in
2037 1284 2182 1374 publica
2213 1274 2300 1353 con·

258 1389 373 1461 menti
390 1388 429 1457 iu
444 1400 597 1479 utraque
613 1386 744 1479 specie,
767 1410 848 1457 cum
864 1397 992 1455 tamen.
1001 1382 1070 1477 ipsi
1087 1406 1131 1453 eo
1148 1395 1254 1452 utan-
1305 1382 1409 1453 eione
1423 1384 1511 1451 etin
1528 1395 1720 1473 conspectu
1734 1380 1976 1474 Imperatoris.
2028 1386 2151 1478 Quare
2167 1386 2301 1456 Caesar

259 1505 330 1563 tur.
381 1488 585 1585 Respondit
598 1478 743 1561 Eccius:
771 1488 841 1585 illis
857 1500 997 1559 tanturn
1014 1510 1088 1559 csse
1104 1486 1253 1555 manda·
1305 1487 1411 1555 vaide
1425 1498 1627 1555 commotus
1647 1486 1749 1555 iussit
1760 1484 1901 1580 inquiri
1924 1488 2026 1559 istius
2049 1490 2102 1556 rci
2122 1501 2301 1561 autorem.

259 1609 349 1666 turn.
399 1592 459 1663 Ad
473 1587 880 1685 haccresponditDux,
907 1585 1089 1683 Christum
1107 1587 1252 1661 dixisse:
1306 1588 1385 1659 Rex
1403 1612 1490 1657 vero
1508 1583 1734 1659 Christianus
1749 1590 1895 1659 accessit
1909 1586 2179 1673 Marcbionem,
2206 1604 2242 1660 ct
2262 1615 2300 1662 ss

261 1692 591 1768 omncshocfacite
608 1695 647 1764 in
664 1694 738 1765 mei
755 1684 1152 1791 commemorationem.
1191 1687 1254 1761 ttte
1306 1692 1344 1761 id
1358 1691 1482 1763 iecisse
1502 1714 1577 1759 non
1592 1691 1813 1783 petulantiae
1834 1716 1962 1774 causa,
1993 1696 2055 1763 sed
2075 1707 2117 1763 ut
2141 1690 2311 1765 hominis?

260 1799 460 1893 respondit:
490 1797 694 1872 omnesaue
712 1786 934 1887 biennales.
982 1792 1036 1871 Ibi
1058 1806 1184 1887 argute
1204 1793 1256 1860 ait
1307 1793 1493 1863 mirandas
1514 1792 1802 1886 gesticulationes
1824 1791 2123 1887 reprehenderet,
2154 1799 2300 1868 fatetur.

260 1902 360 1973 Dux:
395 1896 597 1970 stibi'iticir
613 1896 793 1971 Christus:
826 1924 900 1967 non
919 1896 1044 1969 ornnes
1067 1894 1271 1987 intrabunt¹
1308 1892 1472 1966 Marchio
1487 1896 1598 1989 igitur
1613 1896 1758 1967 accessit
1776 1894 2056 1988 Imperatorem,
2079 1900 2184 1993 eique
2206 1900 2301 1967 indi-

261 2006 301 2074 in
324 2028 474 2094 regnum
499 2000 705 2087 coelorum,
748 2026 832 2093 ergo
856 2026 921 2073 vos
948 2000 1149 2089 sacerdotes
1179 2022 1256 2067 non
1309 1999 1422 2083 cavit,
1448 2011 1485 2069 et
1497 1998 1601 2069 facile
1617 2000 1675 2069 ira·
1687 1999 1851 2071 Caesaris
1868 2001 2008 2091 placata
2024 2015 2088 2075 est.

260 2106 455 2199 intrabitis.
519 2104 804 2199 essersene
833 2096 1256 2199 inmergubesrssestfet
1323 2132 1362 2169 .·
1411 2115 1505 2189 xxJ,
1542 2118 1699 2210 Quidam
1723 2120 1865 2189 dicebat
1887 2124 1933 2191 ad
1956 2121 2001 2193 Ι),
2016 2121 2067 2192 M.
2082 2117 2301 2192 botherum:

261 2208 370 2302 fetes.
1209 2280 1226 2311 ,
1309 2221 1493 2315 Quidnam
1510 2220 1713 2295 iaciendum
1730 2235 1839 2307 esset,
1871 2248 1952 2295 cum
1978 2225 2156 2317 reperiret
2176 2223 2215 2295 in
2237 2248 2301 2295 sna

369 2322 480 2397 XVII.
523 2324 613 2415 Cum
638 2327 802 2423 sequenti
825 2326 883 2397 die
907 2339 999 2399 essct
1018 2324 1258 2419 pronuntian-
1308 2322 1466 2395 Ecclesia
1492 2318 1680 2407 homines,
1714 2325 1777 2419 qui
1799 2327 1853 2399 20
1875 2328 1980 2399 annis
2003 2328 2255 2399 abstinuerunt
2279 2350 2304 2397 a

264 2432 331 2501 dus
345 2428 484 2521 Doctor
500 2427 608 2515 iuris,
634 2428 723 2499 dixit
737 2422 938 2499 lantherus:
975 2428 1063 2499 Cras
1086 2450 1182 2495 nova
1204 2426 1259 2511 Vi:
1310 2426 1556 2499 recrementis.
1606 2426 1809 2517 Respondit
1831 2426 2032 2503 Lutberus:
2066 2429 2159 2507 mass
2182 2433 2239 2523 ¹06
2260 2429 2308 2521 fic.

264 2555 353 2626 pera
369 2528 551 2603 creabitur
565 2543 690 2601 contra
705 2526 934 2623 'I'heologos;¹
961 2528 1049 2601 iuris
1070 2528 1166 2621 enirn
1182 2540 1265 2607 stu-2.
1310 2549 1350 2622 gs
1363 2534 1435 2615 best
1451 2524 1564 2618 tentet
1579 2527 1688 2619 fetes.
1702 2536 1768 2607 rab
1784 2550 1863 2607 tres
1880 2533 1923 2624 {Ie
1937 2529 2073 2623 sterben,
2099 2533 2133 2624 [ο
2152 2536 2204 2626 [eg
2219 2553 2308 2608 mast-

265 2637 366 2705 dium
385 2647 438 2705 est
453 2634 561 2725 plane
576 2632 763 2705 sordidum
789 2632 1000 2717 artificium,
1032 2643 1067 2701 et
1087 2629 1157 2701 uisi
1180 2654 1258 2701 cru·
1311 2630 1352 2723 fit
1388 2629 1453 2723 ettf
1476 2635 1538 2707 oss
1565 2630 1705 2727 [stabo
1735 2638 1830 2727 plan.
1905 2637 2024 2706 Porro
2052 2637 2308 2728 interrogavit,¹

264 2760 410 2807 menam
425 2736 592 2828 repleret,
619 2760 727 2805 nemo
743 2730 827 2805 huic
843 2734 961 2821 studio
977 2758 1126 2826 operam
1144 2735 1266 2821 daret,
1311 2758 1400 2805 num
1415 2730 1581 2805 bomincs
1595 2733 1803 2809 huiusmodi
1816 2738 1896 2829 cogi
1910 2738 2106 2837 debeant⁸)
2127 2740 2173 2808 ad
2189 2760 2309 2810 sacra·

266 2841 305 2911 in
322 2862 485 2923 summa,
512 2834 603 2914 &ute
619 2834 793 2927 fictitios,
820 2835 910 2928 ΙόῘι
925 2834 1106 2931 61)εἰίῑειι.Ι
1263 2830 1265 2837 ’
1312 2849 1487 2908 mentum.
1538 2837 1756 2930 Respondit:
1780 2840 1887 2925 Non,
1912 2842 1999 2937 quia
2015 2855 2068 2913 est
2083 2842 2190 2935 plane
2205 2841 2308 2933 papi·

370 2950 494 3029 XVIII.
516 2957 631 3033 ¹Civis
664 2957 812 3052 quidam
832 2956 1154 3047 {Norimbergcnsis
1184 2978 1260 3023 ma·
1311 2940 1454 3010 sticum·
2245 2959 2247 2963 ’

267 3084 358 3153 gnus
385 3060 610 3153 negotiator,
642 3056 794 3149 euml).
819 3058 869 3133 Μ.
893 3055 1074 3131 botherus
1094 3057 1262 3129 edidisset
1414 3054 1523 3129 XXII.
1552 3060 1662 3130 Anno
1688 3056 1799 3133 1619.
1823 3060 1924 3131 venit
1946 3062 2094 3156 quidam
2118 3063 2309 3155 porrigens

265 3166 400 3234 librum
417 3164 462 3234 de
477 3163 615 3245 usuris,
646 3162 686 3233 in
709 3163 791 3241 [oro
804 3160 1027 3255 Noribcrgae
1048 3159 1187 3235 adstitit
1207 3159 1262 3229 bi·
1312 3159 1475 3233 Luthero
1500 3163 1684 3247 dextram,
1716 3188 1827 3258 quam
1852 3166 1989 3257 excepit
2003 3163 2162 3250 Doctor,
2191 3165 2310 3235 duxit-

265 3265 450 3360 inopoIis.
499 3262 555 3335 lbi
569 3265 661 3335 alius
676 3264 822 3360 quidam
836 3266 972 3337 tacetur
985 3264 1133 3350 accedit,
1153 3262 1260 3333 dixit:
1293 3282 1383 3360 'que
1399 3290 1482 3336 eum
1498 3267 1544 3335 ad
1560 3290 1662 3337 suam
1677 3261 1965 3337 habitationem..
2010 3264 2170 3338 lsdixit:
2206 3267 2313 3347 motas*

265 3369 421 3440 Librum
436 3381 540 3440 tuum
558 3393 623 3440 vos
639 3367 943 3460 Icgereoportet,
977 3368 1035 3438 cui
1058 3367 1261 3460 respondit:
1314 3371 1414 3444 liebet
1436 3368 1528 3463 {sest
1550 3371 1705 3458 Ductor,
1738 3370 1818 3465 uid)
1841 3375 2011 3459 werbert,
2054 3377 2119 3447 bess
2143 3376 2175 3446 it
2203 3375 2311 3447 etsen-

266 3474 395 3544 Bonus
412 3472 471 3540 ille
487 3483 592 3563 pater
606 3465 788 3542 Lutherus
802 3469 922 3562 potius
937 3469 977 3541 in
993 3471 1140 3565 aliquod
1154 3480 1264 3562 caput
1314 3476 1405 3548 ichen
1428 3470 1559 3562 [obsit
1579 3476 1629 3548 sie
1653 3473 1773 3567 benbt
1794 3475 1910 3566 teithi.
1943 3478 2098 3548 mistress
2125 3475 2199 3569 ruth
2220 3478 2309 3547 tinet

266 3573 415 3646 Ioannis
443 3573 659 3666 scripsisset,
701 3586 737 3644 ct
768 3569 838 3644 hoc
862 3573 1047 3666 negotium
1072 3575 1117 3644 de
1145 3572 1263 3644 usuris
1314 3577 1376 3650 mit
1398 3579 1486 3650 risset
1503 3577 1596 3670 lagei
1619 3573 1784 3669 tribule,
1817 3578 1944 3650 biemeil
1964 3576 2010 3669 id>
2031 3577 2132 3652 slleitt
2154 3579 2215 3666 bet)
2235 3575 2310 3672 suth

268 3673 360 3750 mihi
374 3679 599 3762 mandasset,
625 3675 709 3772 quia
724 3676 800 3770 ipse
817 3688 870 3747 est
889 3676 1036 3770 ignarus
1056 3669 1164 3748 huius
1188 3698 1263 3746 ma·
1314 3678 1396 3758 unt
1436 3679 1536 3748 Dixit
1551 3680 1706 3748 Ductor:
1734 3679 1793 3753 &o
1819 3676 1903 3768 musi
1925 3679 1953 3752 it
1977 3678 2053 3773 bod)
2072 3679 2151 3775 eud)
2174 3678 2310 3770 Rechts.

270 3782 393 3868 teriae.
1315 3782 1517 3873 Respondit
1533 3783 1643 3850 alter:
1670 3782 1762 3856 Risu
1778 3786 1841 3858 bed
1858 3780 2022 3875 geisbtbe,
2048 3780 2083 3871 Ῐο
2106 3782 2211 3878 tantist
2230 3781 2311 3877 miti)

370 3895 462 3970 xlx
506 3898 672 3970 clemens
701 3897 900 3996 Episcopus
925 3895 1137 3989 moguntin
1164 3897 1265 3968 venit
1315 3890 1371 3959 bet
1398 3879 1506 3979 sot
1535 3883 1576 3975 sis
1606 3886 1710 3959 einen
1741 3884 1910 3980 petrides
1941 3890 2007 3962 »ab
2038 3886 2112 3981 aas>
2137 3908 2177 3978 su
2205 3889 2310 3962 sisso

271 4004 318 4074 ad
342 4001 532 4074 Caesarem
564 4025 808 4098 conquerens,
849 4005 947 4098 quod
970 4002 1126 4093 popqus
1152 4001 1266 4072 nollet
1316 3987 1420 4079 lebet.
1480 3985 1545 4058 His
1568 3989 1700 4058 auditis
1721 3991 1907 4058 accersivit
1922 3986 2102 4060 Lutberus
2118 3988 2313 4079 Wolfgan-

270 4105 338 4179 sibi
354 4104 519 4178 assentiri
535 4105 574 4174 in
589 4091 711 4174 libello
729 4105 895 4188 interim,
928 4127 1040 4198 quare
1062 4104 1166 4196 petiit
1187 4103 1266 4178 fieri
1316 4116 1400 4182 gum
1415 4090 1591 4159 famulum
1608 4116 1733 4176 suum,
1760 4105 1796 4161 et
1812 4093 1902 4174 alter
1917 4092 1976 4162 iIIe
1993 4117 2078 4162 mox
2101 4116 2144 4160 ex
2166 4092 2311 4160 civitate

271 4208 515 4280 executionem
539 4208 670 4300 gladio.
738 4203 840 4280 Nihil
862 4205 961 4277 aliud
986 4205 1120 4279 Caesar
1148 4207 1182 4278 ci
1209 4232 1266 4278 rc-
1296 4192 1487 4265 'distfflih

244 4303 434 4404 ¹spondit:
460 4311 812 4404 Estmaluspastor,
838 4311 992 4410 quivult
1009 4335 1191 4383 suasores
1207 4336 1265 4380 oc·
1419 4308 1544 4384 XXIII.
1579 4309 1670 4381 Cum
1687 4308 1878 4403 Philippus
1893 4312 1962 4382 iter
1979 4313 2114 4382 faceret
2134 4334 2207 4382 una
2229 4335 2311 4382 curn

271 4415 355 4484 cidi.
407 4413 490 4507 Quo
510 4414 606 4486 dicto
629 4413 802 4484 indicavit
823 4409 981 4484 hominis
1005 4415 1150 4486 stultam
1175 4413 1266 4507 peti-
1317 4414 1563 4504 visitatoribus
1586 4415 1813 4485 ecclesiarum
1841 4418 1887 4485 ad
1901 4413 2125 4505 Eirenburg,
2157 4437 2225 4482 nec
2246 4414 2313 4486 sci·

269 4519 421 4600 tionem.
1318 4531 1399 4588 rent
1426 4519 1543 4603 viam,
1575 4543 1684 4612 eques
1706 4520 2071 4610 accedensgrusticum
2091 4512 2314 4608 Thuringia-

376 4617 451 4690 XX.
483 4616 525 4688 In
540 4633 720 4690 conventu
733 4617 1001 4694 Wormatiensi
1017 4643 1098 4690 curn
1116 4616 1263 4713 quidam
1318 4646 1426 4707 num,
1459 4646 1613 4716 cumque
1636 4625 1681 4691 de
1704 4623 1762 4692 via
1787 4623 2043 4715 interrogavit;
2084 4633 2163 4692 erat
2189 4632 2309 4689 autern

270 4718 476 4794 Monachus
493 4721 688 4794 Caesareae
707 4721 889 4794 Maiestati
908 4722 1204 4806 concionaretur,
1230 4734 1267 4792 et
1316 4721 1444 4795 hiems.
1496 4724 1699 4815 Respondit
1714 4727 1886 4796 rusticus:
1913 4725 1948 4796 Ο
1971 4749 2037 4818 ego
2059 4737 2154 4795 certe
2177 4722 2314 4806 nescio,

270 4825 498 4898 mirabilibus
511 4839 672 4898 uteretur
685 4823 842 4920 gestibus
855 4849 1036 4918 exponens
1047 4825 1138 4916 illud
1146 4823 1266 4896 Evan-
1317 4831 1378 4899 sed
1404 4828 1593 4924 quisunt,
1627 4828 1690 4924 qui
1710 4833 1836 4900 sedent
1857 4829 1896 4898 in
1918 4826 2052 4900 curru?
2109 4825 2314 4918 Respondit

271 4927 421 5021 gelium:
449 4929 633 5000 Modicum
650 4942 686 5000 et
704 4928 871 5001 videbitis
888 4953 964 5014 sne,
990 4928 1171 4999 etiterum
1189 4952 1265 4998 rno·
1319 4957 1445 5028 eques:
1472 4929 1564 5002 Sunt
1584 4932 1760 5004 doctores.
1810 4927 1957 5029 Vah!⁰)
1985 4929 2122 5030 (inquit
2141 4927 2312 5026 rusticus)

271 5031 392 5104 dicum
408 5057 485 5105 non
503 5033 670 5106 videbitis
685 5031 816 5131 me⁸'),
832 5044 869 5106 et
883 5056 981 5103 nunc
998 5058 1036 5104 se
1052 5033 1212 5115 abderet,
1226 5045 1268 5102 ut
1318 5047 1403 5105 sunt
1418 5035 1597 5120 doctores,
1617 5058 1684 5105 nec
1697 5048 1836 5108 tantum
1854 5036 2070 5120 didicerunt,
2093 5045 2135 5104 ut
2149 5045 2313 5123 tempore

271 5133 428 5230 amplius
450 5162 527 5207 non
549 5137 833 5231 conspiceretur,
866 5160 1020 5231 cumque
1044 5159 1198 5220 asseres,
1224 5159 1266 5204 ex
1319 5134 1448 5228 hiemis
1472 5141 1572 5210 dorni
1592 5167 1629 5212 se
1652 5137 1885 5210 contineant?
1912 5165 1978 5232 ego
1998 5163 2077 5212 sum
2102 5136 2256 5208 rusticus
2277 5146 2314 5204 et

272 5237 402 5333 quibus
435 5253 638 5332 suggestum
669 5242 908 5332 compositum
939 5252 1033 5322 erat,
1073 5262 1148 5308 non
1176 5239 1267 5308 benc
1320 5254 1442 5310 tamen
1461 5245 1551 5313 adeo
1570 5244 1724 5338 peritus,
1749 5243 1844 5312 utin
1861 5256 1995 5314 aestate
2012 5253 2153 5312 tanturn
2178 5239 2312 5308 victum

271 5341 452 5436 compacti
476 5357 612 5428 essent,
647 5345 709 5414 sed
732 5343 881 5438 aliquod
900 5344 1065 5412 foramen
1090 5342 1268 5425 relictum,
1321 5368 1548 5434 comparem,
1588 5374 1661 5442 quo
1695 5371 1752 5415 me
1783 5345 1820 5414 in
1852 5340 1972 5417 hieme
1994 5349 2105 5416 domo
2129 5342 2313 5415 continere

270 5447 365 5515 sorte
384 5447 530 5517 fortuna
554 5445 669 5530 funis,
701 5470 774 5542 quo
792 5441 992 5516 Monachus
1018 5443 1154 5516 cinctus
1178 5457 1268 5528 erat,
1320 5447 1467 5540 possim.

271 5573 337 5642 per
353 5548 441 5620 illud
462 5541 612 5635 decidit,
640 5573 792 5644 cumque
811 5549 846 5617 id
870 5541 1183 5618 animadvertisset
1205 5571 1268 5618 rex
1323 5595 1373 5603 —--
1406 5597 1409 5601 ›
1444 5597 1450 5601 -

1354 5635 1513 5734 nsunt]
1532 5668 1616 5720 coc:
1641 5667 1715 5732 esne

307 5751 338 5818 ⁶)
358 5753 578 5814 WormstIeusi]
598 5753 664 5804 Cod.
684 5753 711 5806 Ιι.
728 5752 745 5800 Ι.
767 5753 795 5798 et
811 5748 838 5797 In
857 5748 921 5801 stat.
935 5750 1016 5800 XX:
1040 5750 1251 5802 wormaciensi
1355 5750 1387 5819 8)
1405 5752 1539 5813 debeant]
1557 5753 1642 5805 code
1670 5753 1769 5804 debent

307 5842 358 5910 8⁸)
378 5845 458 5896 cont.
478 5845 535 5896 tots.
557 5842 599 5904 16,
622 5843 662 5895 ts.
1358 5838 1390 5898 9)
1406 5837 1501 5900 Vrbi]
1519 5837 1602 5891 cod:
1627 5838 1704 5890 Vrcb
