5534 6700
445 643 524 717 2⁹1

599 806 662 878 De
688 807 984 906 anomaliass)
1009 809 1054 878 in
1079 812 1296 885 numeris.

526 926 725 997 Masculina
747 925 943 1018 singularia
967 939 1107 999 tantum
1125 925 1214 999 haec
1228 932 1304 1002 fere
1321 956 1444 1003 recen·

449 1041 588 1102 senem:

652 1128 726 1198 Aer

653 1230 791 1322 Vesper

651 1332 776 1406 Pulvis

548 1451 684 1522 Verum
708 1447 768 1520 hic
790 1451 901 1522 satius
924 1467 977 1525 est
1000 1480 1105 1526 usum
1128 1453 1314 1525 consulere
1332 1478 1374 1524 ac
1390 1478 1446 1526 se·

412 1610 417 1627 .
448 1553 523 1648 qui.
574 1553 668 1626 Nam
694 1554 871 1645 permulta
898 1555 967 1625 alia
984 1569 1087 1640 sunt,
1113 1581 1205 1652 quae
1221 1557 1280 1626 vix
1296 1557 1446 1650 plurali-

446 1668 503 1726 ter
524 1669 696 1749 usurpata
711 1669 807 1729 sunt.
858 1654 906 1726 Et
919 1682 962 1730 ex
976 1656 1052 1744 his,
1079 1684 1173 1754 quae
1188 1660 1445 1743 recensuimus,

446 1758 645 1854 aliquando
664 1761 818 1852 pluralia
834 1759 984 1847 faciunt,
1009 1775 1051 1833 ut
1068 1762 1180 1847 soles,
1196 1774 1232 1832 et
1248 1787 1316 1856 pro
1332 1775 1445 1847 aestu,

447 1860 714 1953 etprodiebus.¹

530 1962 764 2054 'Foeminina
784 1964 980 2059 singularia
998 1978 1159 2051 tantum,
1185 1980 1269 2038 sunt
1283 1967 1358 2036 sere
1372 1965 1445 2034 vir-

421 2075 563 2143 tutum
592 2066 836 2164 vitiorumque
858 2068 1027 2153 nomina,
1053 2082 1093 2139 ut
1111 2094 1199 2162 pax,
1226 2069 1446 2165 eloquentia,

843 1207 845 1211 ,
949 1129 1084 1204 Aether

949 1231 1102 1328 Sanguis

949 1334 1024 1410 Sol.

294 2204 297 2209 ·
447 2167 623 2254 amicitia,
648 2171 754 2256 fides,
778 2171 913 2263 gloria,
939 2183 976 2241 et
989 2171 1134 2242 similia.
1192 2220 1194 2225 -

652 2288 737 2359 Vita
948 2314 1048 2361 mors

653 2390 802 2464 Soboles
947 2387 1091 2464 humus.

548 2506 598 2578 Et
618 2523 740 2581 tamen
759 2513 936 2606 quaedam
953 2510 1115 2582 invenias
1132 2534 1213 2580 cum
1231 2510 1344 2602 gratia
1363 2510 1444 2602 plu-

446 2609 572 2679 raliter
593 2613 707 2698 elata,
733 2626 775 2684 ut
790 2615 885 2706 apud
900 2613 1075 2686 Gellium:
1102 2611 1318 2686 Adolescens
1331 2612 1444 2684 flabat

445 2709 572 2785 inanes
588 2715 733 2805 glorias.

671 2864 808 2939 Neutra
835 2865 1031 2959 singularia
1055 2879 1209 2938 tantum.

486 3070 489 3089 Ι
546 2981 685 3075 Vulgus
838 2984 992 3075 Pelagus
1147 2985 1272 3058 Solum

548 3084 696 3155 Senium
837 3084 949 3155 Ralec
1144 3086 1322 3159 lustitium

546 3186 688 3258 Aurum
835 3189 1035 3279 Argentum
1147 3188 1365 3290 Coenum¹¹)

546 3288 741 3361 l'lumbum
835 3286 884 3361 Et
899 3291 1036 3364 fructus
1100 3323 1102 3329 ·
1147 3292 1321 3368 Cordum.

487 3408 696 3533 'Triticum
721 3410 774 3483 sal
791 3421 827 3480 et
842 3411 982 3497 oleum,
1008 3423 1045 3483 et
1058 3410 1257 3511 similia').

542 3549 544 3554 ⁵
662 3563 861 3639 Masculina
886 3565 1042 3660 pluralia
1065 3578 1220 3639 tautum.

544 3688 657 3758 Antes
995 3683 1125 3758 Fasces

544 3789 705 3858 Annales
993 3786 1095 3861 Fasti

460 3967 464 3974 ‚
545 3888 703 3959 Cancelli
993 3889 1025 3960 F
1026 3898 1081 3961 ori
1094 3914 1160 3983 pro
1175 3892 1345 3964 sedilibus

545 3990 637 4062 Cani
992 3989 1103 4063 lnleri

544 4092 713 4166 Carceres
726 4116 794 4188 pro
809 4092 920 4187 septis
994 4094 1124 4188 Superi

454 4227 458 4234 ·
543 4195 668 4269 Cesses
992 4196 1105 4269 Lares

543 4298 697 4371 Coclites
815 4293 820 4301 ’
991 4300 1146 4371 Penates
1236 4347 1239 4354 ι
1283 4383 1285 4388 ,

542 4402 715 4473 Proceres
991 4402 1108 4488 Sales,
1133 4402 1224 4474 salse
1237 4401 1345 4474 dicta.

653 4554 866 4626 Foeminina
893 4555 1048 4649 pluralia
1072 4569 1225 4629 tantum.

541 4677 721 4771 Ambages
784 4733 786 4738 .
832 4674 1015 4747 Excubiae
1140 4675 1335 4750 Nundinac

542 4782 659 4853 Aedes
834 4778 996 4850 Exuviae
1144 4778 1334 4851 Tenebrae

540 4884 748 4954 Aerumnae
835 4881 1020 4977 Exequiae
1143 4882 1295 4973 Scopae¹

541 4984 745 5057 Blanditiae
835 4983 1003 5057 ludnciae
1143 4983 1277 5056 Sordes

541 5087 655 5179 Bigae
835 5086 999 5162 luteciae.
1073 5149 1077 5160 .
1144 5085 1338 5180 Suppetiae

481 5253 484 5258 .
542 5190 741 5286 Compedes
834 5190 989 5264 Insidiae
1028 5253 1030 5258 .
1145 5190 1276 5261 Tricae
1361 5207 1375 5264 “.

1093 5353 1097 5359 .
1145 5293 1272 5387 Nugae
1354 5357 1356 5362 ,
1400 5321 1405 5334 ·

543 5294 666 5368 Cunae
836 5291 1028 5366 illecebrae

443 5456 651 5472 *ur——

473 5549 543 5675 ⁴¹2,
545 5550 700 5672 :qo-¹7:1¹1]
726 5550 769 5603 ns
791 5553 842 5603 rs.
856 5551 962 5619 assem
998 5551 1083 5603 rute.
1108 5550 1203 5618 sm,
1227 5550 1324 5618 sess,
1348 5561 1373 5606 s
1390 5559 1434 5603 ea

473 5705 524 5775 ss)
540 5708 677 5767 cocum
693 5706 779 5761 ltdttt.
797 5665 887 5773 lbet,
903 5720 930 5763 s.
940 5717 983 5761 ιε
1006 5708 1107 5758 nucu·

448 5793 522 5864 Ἢῃ)
540 5794 667 5855 unte]
693 5794 892 5859 secessas,
914 5803 996 5847 cc:
1024 5793 1157 5857 elem
1180 5791 1318 5844 ΜΝ·
1339 5799 1435 5844 ’Ν

507 5864 849 5918 mmmm*-
913 5881 917 5890 ·
1169 5893 1172 5906 ·
1229 5883 1258 5906 '·
1319 5883 1364 5908 '‘¹‘'

815 6011 857 6094 ᾖ

1026 635 1151 711 Pffll..
1186 637 1302 715 unt.
1334 640 1540 717 SCRIPTA
1573 642 1913 719 momulus.
2056 673 2067 689 ·

1602 814 1726 908 Dapes

1600 917 1755 988 Delitiac

1598 1018 1758 1090 Divitiae

1599 1121 1711 1193 Dirae

1602 1224 1762 1296 Clitellas

1602 1327 1727 1400 Crates

1599 1427 1728 1500 Feriae

1598 1530 1712 1603 Fores

1600 1633 1730 1705 Grates
1875 1676 1879 1681 -

1600 1735 1736 1806 Genae.

1601 1853 1780 1924 Calendae
1804 1876 1824 1921 a
1846 1853 2013 1923 vocando
2030 1851 2146 1923 dictae
2160 1865 2262 1938 sunt,
2288 1878 2375 1927 nam
2389 1858 2496 1929 novi·

1496 1954 1597 2027 lunio
1623 1955 1890 2027 convocabatur
1911 1955 2031 2049 plebs,
2057 1967 2093 2025 et
2106 1956 2411 2048 pronuntiabatur
2425 1986 2496 2033 nu·

1496 2082 1617 2130 merus
1636 2059 1798 2142 dierum,
1825 2056 1890 2152 qui
1908 2060 1954 2128 ad
1970 2057 2094 2131 Nonas
2109 2074 2345 2151 superessent.
2395 2062 2495 2136 Nam

1495 2159 1611 2234 Nonis
1636 2160 1898 2232 conveniebant
1917 2161 2111 2255 populares
2133 2185 2177 2232 ex
2189 2163 2284 2257 agris
2298 2162 2337 2233 in
2350 2165 2491 2239 urbem.

1496 2263 1634 2335 Graece
1649 2268 1753 2338 καλῶ
1768 2275 1942 2334 est'voco.

1598 2365 1738 2451 Nonae,
1765 2360 1980 2437 Plutarchus
1997 2365 2109 2439 dictas
2124 2365 2263 2452 Nonas,
2287 2368 2390 2463 quasi
2402 2391 2493 2441 uco-

1496 2467 1634 2540 menias
1653 2480 1780 2562 putat,
1804 2481 1882 2540 tum
1906 2468 2003 2539 euim
2018 2468 2141 2562 prodit
2156 2494 2176 2540 a
2193 2471 2289 2542 coitu
2303 2469 2432 2555 Luna,
2458 2484 2494 2542 et

1495 2571 1589 2642 clare
1609 2566 1839 2666 conspicitur.
1931 2596 1935 2603 ·

1595 2669 1679 2751 Idus
1695 2698 1716 2744 a
1733 2673 1928 2744 dividendo
1944 2671 2124 2745 dicuntur.
2159 2672 2252 2745 Nam
2270 2672 2311 2743 iu
2326 2675 2495 2745 medium

1495 2798 1655 2849 mensem
1678 2776 1855 2849 incidunt.
1905 2772 2034 2847 lduare
2057 2775 2216 2847 dividere
2239 2776 2422 2848 veteribus
2444 2775 2495 2849 si·

1495 2879 1699 2970 gnificabat.

1898 915 2044 988 Literae
2069 942 2138 1013 pro
2166 922 2317 1014 epistola

1899 1021 2024 1091 Minae

1900 1122 1999 1215 Opes

1898 1225 2026 1296 Lactes

1897 1324 2087 1398 Primitiae

1896 1427 2086 1524 Reliquiae

1742 3042 1883 3120 Neutra
1909 3043 2061 3139 pluralia
2089 3055 2244 3117 tantum.

1596 3163 1729 3249 Arma,
1762 3176 1899 3249 castra,
1931 3161 2148 3256 crepundia,
2174 3162 2370 3246 cunabula,
2396 3173 2492 3247 exta,

1493 3261 1574 3350 ilia,
1600 3266 1714 3353 iusta,
1736 3265 1895 3337 moenia.

1594 3368 1643 3441 Et
1663 3370 1812 3440 nomina
1835 3370 2029 3453 festorum,
2062 3378 2103 3439 ut
2121 3363 2372 3437 Bacchanalia.

1595 3470 1643 3543 Et
1681 3471 1830 3565 pluralis
1862 3483 2034 3542 uumerus
2064 3470 2104 3538 in
2137 3469 2250 3542 titulis
2282 3471 2490 3564 hequenter

1402 3623 1409 3633 -
1494 3588 1701 3670 usurpatur.

1696 3684 1909 3767 Βουκολικά
1983 3683 2201 3789 Γεωργικὰ.

1595 3813 1784 3909 Quaedam
1807 3810 1914 3882 etiam
1936 3822 2080 3881 mutant
2095 3833 2206 3903 genus
2220 3810 2260 3880 in
2272 3809 2407 3903 plurali
2421 3833 2490 3883 nu·

1493 3940 1606 3989 mero.

1530 4131 1546 4142 ..
1697 4063 1896 4136 Masculina
1922 4063 1964 4134 in
1984 4062 2120 4156 plurali
2141 4076 2282 4136 neutra.

1695 4182 1860 4256 Avernus
1991 4183 2138 4254 Averna

1693 4285 1841 4356 Balteus
1991 4284 2110 4355 baltea

1691 4388 1872 4459 Carbasus
1991 4388 2149 4464 carbasa.

1488 4608 1654 4684 usitatius
1675 4617 1750 4685 est.
1789 4610 1942 4681 Ovidius
1968 4605 2103 4710 [Epist.
2113 4611 2151 4694 2,
2168 4602 2219 4680 85
2235 4604 2330 4707 sq.]:

1746 4714 1877 4785 Careat
1899 4712 2116 4784 successibus
2140 4724 2241 4805 opto,
2346 4800 2349 4804 Ι

1589 4816 1762 4910 Quisquis
1778 4818 1824 4886 ab
1839 4827 1971 4886 eventu
1985 4816 2077 4884 facta
2092 4816 2253 4884 notanda
2270 4827 2384 4907 putat.

1589 4917 1751 4990 Eventus
1772 4919 1811 4988 in
1832 4918 1975 5010 plurali.
2026 4914 2168 4987 Livius:
2206 4916 2394 5011 Nusquam
2417 4917 2487 4986 mi·

1487 5045 1555 5094 nus
1569 5024 1789 5114 respondent
1804 5032 1952 5091 eventus
1966 5027 2074 5113 quam
2090 5018 2129 5088 in
2145 5019 2259 5090 bellis.

1589 5124 1728 5197 Eventa
1756 5126 1853 5216 apud
1872 5122 2083 5192 Ciceronem
2107 5145 2213 5213 saepe
2236 5121 2394 5213 reperies
2414 5145 2483 5215 pro

1486 5227 1593 5300 rebus
1609 5252 1702 5323 quae
1720 5228 1879 5297 accidere
1886 5225 1935 5322 ⁴⁴)
1956 5222 2048 5313 [Cic.
2063 5226 2109 5328 ad
2122 5226 2196 5296 An.
2211 5222 2272 5309 lx,
2286 5222 2358 5313 5.]:
2389 5223 2483 5296 Cau·

1478 5353 1546 5403 ‘sae
1562 5344 1773 5401 eventorum
1790 5328 2070 5421 magismovent
2086 5351 2195 5422 quam
2212 5328 2290 5421 ipsa
2306 5339 2447 5399 eventa.

1986 5444 2083 5519 Iussa
2117 5471 2123 5482 ·
2168 5451 2172 5457 '

1985 5548 2081 5622 Loca
2105 5549 2146 5621 et¹
2162 5549 2235 5619 loci

1691 5448 1810 5521 Iussus

1690 5551 1808 5623 Locus

1520 5835 2094 5926 muselenensium,
2115 5854 2426 5914 sennem
