5534 6700
351 1670 354 1678 “
401 1689 436 1774 ι
495 1688 673 1775 run.
708 1686 864 1777 unt.
899 1686 1327 1775 natuturam
1357 1685 1779 1776 acaunumn
1811 1687 2234 1776 MPSttthts.

302 1896 413 2016 Haeo
435 1956 592 2033 Privilegia
612 1954 645 2018 h.
667 1956 689 2016 1.
711 1955 768 2015 edo
790 1972 830 2014 ex
850 1954 1050 2016 Bibliothecae
1071 1954 1299 2033 Hasnburgeosis
1319 1955 1455 2035 publicae
1477 1953 1578 2014 codiee
1607 1954 1701 2015 ebert.
1730 1973 1810 2015 num.
1832 1950 1886 2017 87.
1913 1952 2028 2013 formae
2058 1955 2204 2014 maximae
2229 1949 2337 2056 (Feb),

302 2043 353 2119 qui
374 2054 493 2119 praeter
513 2041 573 2100 alia
593 2042 736 2101 litteraria
758 2042 840 2101 varia
860 2060 929 2121 pag.
951 2038 1106 2103 81-90.
1128 2042 1277 2101 eontinet:
1308 2036 1493 2121 „Philipp
1515 2035 1707 2119 Privt'legs'a
1729 2037 1934 2101 Academiae
1951 2034 2189 2118 Lipsiensis!
2236 2040 2336 2100 erm

301 2127 411 2204 pagiua
422 2123 476 2188 81.
498 2127 615 2186 nonnisi
635 2126 713 2186 buno
735 2125 856 2186 exhibet
876 2126 1023 2204 ludicen,
1049 2145 1118 2205 pag.
1132 2124 1186 2189 82.
1207 2127 1274 2186 albs
1287 2138 1350 2202 est,
1376 2144 1449 2207 pag.
1462 2122 1613 2188 att-at).
1646 2126 1787 2205 (quarum
1809 2136 1923 2206 septem
1944 2127 2059 2202 priores
2081 2122 2220 2187 17-21
2243 2125 2339 2185 beers

302 2209 413 2354 15:2an
413 2223 590 2374 agg-rna
602 2229 674 2271 vero
696 2223 809 2270 tantum
833 2210 874 2273 14
894 2209 1002 2291 bueus)
1024 2213 1087 2290 ipsa
1100 2212 1257 2291 Privilegie
1276 2213 1431 2273 continent
1452 2231 1510 2270 non
1531 2212 1623 2289 ipsius
1643 2212 1769 2271 auctoris
1790 2230 1879 2271 mauu
1902 2222 2024 2272 exarata
2029 2253 2040 2284 ,
2062 2212 2116 2272 sed
2137 2214 2174 2272 ab
2189 2211 2250 2270 alio
2263 2228 2338 2288 qao·

636 2712 1064 2790 PRIVILEGIA
1107 2711 1532 2789 AGADEMIAE
1586 2711 2003 2791 LlPslltNSls

883 2844 1113 2910 eutstrro
1145 2845 1486 2913 musaraneus
1517 2845 1791 2908 lucroru-

406 3031 524 3100 Habet
551 3033 745 3102 Academia
775 3031 916 3124 Lipsica
950 3031 1224 3108 Iurisconsultus
1260 3051 1296 3106 et
1346 3058 1412 3107 net
1422 3035 1583 3119 ‘nstitui
1610 3037 1695 3129 quia
1712 3036 1750 3107 iu
1776 3035 1940 3106 doctrina
1957 3033 2202 3105 Ecclesiastica
2226 3032 2340 3103 maxi·

303 3134 464 3205 Medicus
488 3136 673 3204 excellenti
698 3135 864 3205 doctrina
886 3147 922 3205 et
944 3136 1074 3228 peritia
1098 3140 1295 3230 praeditos.
1347 3162 1406 3207 me
1433 3160 1524 3229 opus
1554 3150 1607 3207 est
1638 3138 1810 3208 familiari
1843 3137 2033 3207 collatione
2059 3135 2277 3206 iudiciorum
2304 3148 2341 3205 et

303 3237 427 3330 Quare
441 3232 498 3306 bis
513 3236 741 3306 facultatibus
754 3237 877 3307 idonei
895 3240 1115 3329 professores
1138 3264 1213 3312 nou
1235 3243 1295 3311 de·
1348 3238 1651 3312 testimoniorum.
1717 3239 1883 3334 Denique
1905 3240 2094 3330 multiplex
2124 3250 2177 3309 est
2203 3238 2340 3308 utilitas

304 3353 399 3413 sunt.
465 3338 652 3431 Stipendia
674 3340 795 3410 deesse
820 3340 939 3413 audio.
997 3340 1095 3414 Utile
1119 3358 1210 3415 esset
1234 3369 1296 3415 au·
1348 3343 1646 3435 disputationum.
1678 3342 1847 3415 Arbitror
1863 3355 1982 3414 autem
2000 3342 2040 3411 in
2056 3342 2134 3433 ipsa
2143 3339 2339 3410 Academia

305 3458 379 3514 tem
394 3442 433 3510 in
449 3442 515 3524 tali
529 3455 564 3512 et
580 3456 654 3512 tam
671 3442 803 3514 celebri
822 3444 912 3516 urbe
935 3458 1051 3517 certos
1064 3443 1296 3519 Iurisconsul-
1347 3444 1490 3539 Lipsica
1513 3447 1669 3517 inveniri
1696 3470 1800 3539 posse
1822 3446 1978 3539 aliquem
2004 3444 2175 3514 idoneum
2201 3444 2248 3512 ad
2270 3439 2341 3512 hoc

305 3560 362 3618 tos
376 3557 561 3638 praestare
581 3546 826 3617 assiduitatem
842 3546 882 3616 in
908 3547 1071 3637 legendo.
1123 3548 1226 3619 Hanc
1250 3551 1297 3620 ad
1348 3573 1491 3620 munus.
1556 3548 1595 3618 Si
1617 3549 1861 3632 desideratur,
1894 3547 2035 3640 aliquos
2052 3545 2242 3628 indicabo,
2276 3544 2341 3639 qui

304 3672 382 3718 rem
406 3672 497 3740 opus
517 3662 609 3720 esset
630 3649 816 3741 stipendiis
839 3649 1086 3742 amplioribus.
1148 3650 1296 3722 Interim
1349 3664 1386 3720 et
1398 3650 1521 3720 idonei
1536 3663 1639 3733 sunt,
1665 3665 1701 3720 et
1713 3648 2026 3742 possentbipsiam
2043 3648 2210 3739 migrare.
2244 3646 2340 3719 Nam

305 3751 416 3821 etalii
430 3753 582 3822 lectores
597 3747 773 3823 haberent
787 3748 939 3825 honesta
955 3753 1146 3845 stipendia,
1171 3754 1298 3824 etiam·
1348 3749 1419 3822 boc
1433 3766 1598 3844 tempore
1610 3753 1778 3844 migratio
1794 3752 1997 3845 plaerisque
2011 3750 2165 3820 difficilis
2181 3762 2253 3834 est,
2278 3759 2341 3819 aut

306 3853 428 3925 sinon
444 3868 562 3925 essent
577 3853 722 3926 assidui.
773 3853 866 3925 Nam
883 3855 970 3926 etin
986 3856 1065 3926 aliis
1082 3856 1296 3950 quibusdam
1350 3868 1500 3948 propter
1513 3855 1688 3940 familias,
1712 3868 1775 3926 aut
1791 3855 1875 3949 quia
1896 3854 2099 3924 retinentur
2114 3876 2135 3922 a
2152 3851 2237 3922 suis.

306 3957 510 4027 Academiis
538 3954 597 4027 hic
628 3983 708 4029 mos
736 3970 918 4042 servatur,
962 3970 1005 4028 ut
1032 3959 1121 4028 certi
1150 3960 1297 4055 quidem
1452 3955 1528 4029 Nec
1553 3959 1640 4029 satis
1669 3970 1722 4029 est
1743 3954 1877 4027 habere
1898 3955 2067 4026 Lectores
2088 3951 2341 4043 Theologicos.

306 4062 456 4132 lectores
470 4061 542 4132 sint
558 4061 711 4146 assidui,
737 4060 799 4130 alii
815 4061 887 4133 sint
901 4059 1099 4133 liberiores.
1349 4057 1510 4130 lneunda
1527 4074 1579 4150 est
1601 4060 1709 4129 etiam
1732 4060 1848 4143 ratio,
1875 4072 1917 4129 ut
1936 4081 2112 4150 pauperes
2138 4051 2342 4127 scholastici

409 4165 462 4235 Ac
474 4166 635 4256 prolecto
651 4166 838 4258 prodesset
851 4164 1040 4236 universos
1056 4164 1192 4236 reditus
1207 4165 1298 4235 Aca·
1351 4160 1986 4234 doetrinaeEcclesiasticaedestinati
1997 4161 2141 4230 alantur
2154 4153 2341 4248 stipendiis

308 4268 447 4338 demiae
462 4268 501 4336 in
518 4292 746 4338 communem
756 4264 787 4362 ¹)
801 4270 924 4338 fiscum
949 4268 1131 4351 conferre,
1156 4281 1192 4338 et
1214 4268 1298 4337 inde
1350 4266 1521 4358 publicis,
1555 4267 1638 4359 quia
1663 4265 1811 4335 ditiores
1833 4259 2208 4354 amplectuuturalias
2234 4270 2340 4327 artes.

310 4371 524 4441 constituere
547 4370 725 4463 stipendia
745 4394 821 4440 uon
844 4370 986 4455 otiosis,
1008 4372 1070 4440 sed
1088 4371 1299 4463 professori·
1351 4368 1474 4460 Quare
1488 4368 1645 4438 defuturi
1660 4381 1744 4438 sunt
1765 4378 1926 4460 pastores
1940 4363 2129 4447 Ecclesiis,
2152 4361 2223 4431 nisi
2236 4360 2342 4430 Prin·

308 4474 388 4543 bus.
438 4473 543 4543 Nunc
565 4476 661 4542 enim
684 4486 810 4544 contra
833 4472 1107 4566 proportionem
1127 4474 1299 4545 fruuntur
1352 4470 1448 4562 cipes
1464 4468 1780 4564 etRespublicae⁸)
1797 4481 1924 4541 curent
1941 4468 1990 4537 ali
2007 4463 2236 4538 scholasticos
2252 4485 2342 4554 pau-
2383 4493 2387 4501 ·

307 4575 483 4646 reditibus
495 4576 660 4669 Magistri
673 4577 712 4646 in
730 4575 908 4668 Collegiis.
960 4573 1098 4645 Interea
1114 4577 1299 4669 negliguu-
1351 4597 1455 4665 peres
1472 4574 1651 4645 studiosos
1664 4573 1849 4643 doctrinae
1864 4571 2140 4652 ecclesiastieae,
2165 4580 2207 4638 ut
2231 4589 2274 4634 ex
2296 4583 2340 4633 eo

306 4692 367 4749 tur
382 4677 557 4749 Doctores
571 4677 663 4751 luris
676 4693 710 4750 et
726 4680 940 4750 Medicinae.
1258 4740 1261 4746 .
1351 4699 1504 4746 numero
1539 4676 1716 4765 eligantur
1748 4675 1904 4745 ministri
1936 4672 2204 4753 Ecclesiarum,
2251 4667 2343 4737 sicut

409 4779 451 4852 In
468 4777 668 4875 Theologia
685 4784 878 4854 lectoribus
896 4780 1010 4851 tribus
1032 4804 1123 4874 opus
1149 4794 1221 4864 est,
1247 4782 1299 4849 Ac
1351 4767 1501 4870 propter
1516 4774 1610 4846 hanc
1626 4778 1740 4869 ipsam
1764 4800 1907 4847 causam
1932 4775 2037 4844 initio
2059 4785 2146 4841 ¹ante
2164 4770 2342 4841 Constan-

306 4887 403 4959 nun'c
429 4882 566 4957 habent
591 4886 791 4979 Zciglerum
818 4898 854 4956 et
874 4878 1116 4957 Schubelium.
1174 4881 1223 4954 Et
1260 4884 1298 4951 in
1351 4882 1469 4951 tinum
1492 4880 1650 4971 Collegia
1679 4879 1871 4949 constituta
1895 4890 1989 4949 sunt.
2040 4875 2171 4946 Postea
2198 4896 2279 4944 curn
2301 4870 2342 4940 in

306 4984 364 5061 his
386 4989 499 5061 initiis
521 4990 639 5082 placet
662 4986 753 5059 mihi
775 4989 927 5059 alterum
945 4984 1171 5079 Theologum
1195 4987 1300 5057 susti·
1353 4982 1645 5076 Collegiisstudia
1660 4984 1942 5074 languescerent,
1959 4978 2178 5050 monasteria
2195 4973 2342 5052 condita

307 5117 394 5162 nere
422 5114 555 5164 munus
583 5093 736 5163 docendi
763 5091 923 5185 linguam
946 5087 1187 5186 Ebraeam'),
1227 5113 1300 5184 qua
1352 5100 1455 5171 sunt,
1488 5098 1530 5155 ut
1561 5099 1677 5157 essent
1698 5080 1859 5155 Scholae.
1927 5081 2069 5152 Deinde
2099 5088 2344 5152 successerunt

308 5209 402 5265 certe
420 5222 510 5290 opus
526 5210 579 5267 est
595 5198 641 5267 ad
656 5195 925 5287 intelligendum
941 5217 1143 5266 sermonem
1162 5193 1200 5262 in
1215 5215 1299 5283 pro-
1351 5188 1586 5272 Academiue,
1619 5189 1705 5283 quia
1721 5182 1894 5258 Monachi
1916 5185 2100 5256 desierunt
2122 5183 2240 5252 colere
2262 5178 2342 5247 lite·

307 5295 634 5392 pheticis⁶scriptia
695 5298 862 5391 Optarim
888 5311 1007 5368 autem
1033 5297 1117 5366 addi
1139 5296 1299 5378 tertium,
1351 5316 1422 5363 ras.
1489 5291 1595 5363 Nunc
1624 5291 1734 5382 igitur
1759 5288 1934 5383 possessio
1963 5288 2149 5357 literarum
2176 5279 2341 5375 baeret⁸)

308 5415 345 5472 et
358 5426 435 5471 non
451 5402 567 5474 solum
582 5402 862 5494 praelectiones,
888 5403 950 5472 sed
963 5401 1070 5471 etiam
1086 5398 1299 5492 disputatio-
1351 5407 1533 5490 utcunque
1549 5394 1588 5463 in
1603 5393 1817 5465 Academiis.
1868 5390 2016 5461 Interim
2039 5414 2126 5483 opes
2147 5379 2343 5478 donatae')

1386 5596 1418 5665 ³)
1435 5594 1633 5660 nespoottoos]
1652 5593 1736 5646 cod:
1760 5592 1883 5657 asopus:

344 5664 376 5734 1)
395 5669 582 5728 comunem]
596 5665 664 5720 cod.
681 5666 765 5716 tebet
781 5664 937 5730 scripturae
953 5665 1156 5732 oenpeudlut
1174 5677 1282 5721 oeno!
1386 5682 1418 5751 4)
1435 5684 1549 5743 1„ng
1567 5681 1653 5735 coa,
1677 5680 1757 5731 hmo

342 5770 375 5830 2)
393 5766 555 5838 thracem]
574 5770 657 5824 cod-t
681 5770 817 5837 tirou,
1385 5769 1419 5837 b)
1436 5765 1568 5835 donatas]
1586 5767 1671 5822 cod:
1695 5766 1797 5832 deusto
