5534 6700
326 789 460 885 iiiior.
482 788 520 879 οί
535 788 680 885 ἑλληνες

486 899 565 965 τῶν
580 887 743 984 ἑλλήντον

355 1015 380 1067 ῑ-
487 991 700 1168 evigilant

384 1200 443 1271 Sic
457 1121 526 1276 alii
542 1199 580 1265 in
595 1119 729 1290 334¹st
750 1189 827 1290 μήν
848 1191 965 1291 μηνός
989 1198 1140 1282 mensis,
1173 1201 1270 1292 quod

280 1317 320 1373 et
333 1304 476 1374 Aeolice
493 1296 574 1394 μείς
588 1300 732 1370 dicitur.

687 1435 755 1503 IN.
786 1435 861 1504 YN.

280 1556 329 1623 Ιν
690 1543 993 1641 τελχίντελχῖνος

383 1677 422 1733 ος
438 1673 598 1742 appone,
625 1661 666 1717 ut
1045 1712 1047 1717 .

286 1757 340 1827 Υν
693 1742 841 1846 φόρκυν
874 1748 1082 1846 φόρκυνος,
1115 1753 1270 1843 reperies

733 1865 768 1919 et
782 1845 925 1946 piperve
936 1846 1111 1950 φόρκυσς.

384 2101 425 2171 In
441 2104 511 2195 Ον,
537 2129 577 2185 ος
592 2105 730 2172 addunt
744 2100 921 2191 genitivis,
947 2116 988 2173 ut
1002 2102 1133 2197 μεῖζον
1146 2100 1271 2200 μείζο.

276 2230 357 2285 νος.
405 2204 542 2298 Estque
568 2202 712 2291 haecffi)
738 2203 995 2276 adiectivorum
1021 2208 1160 2298 generis
1183 2232 1271 2277 neu·

275 2308 341 2388 tri,
370 2321 411 2375 ut
427 2303 621 2400 εὔδαιμον,
647 2321 683 2376 et
697 2307 1048 2396 comparativorum,
1075 2323 1115 2379 ut
1129 2305 1270 2402 μεῖζον,
1362 2368 1371 2384 .

271 2405 449 2504 βέλτιον,
474 2409 692 2477 terminatio.

530 2551 1026 2650 ΠΑΡΑΔειΓΜΑν).

358 2687 456 2777 Sing.
482 2683 526 2757 τό
541 2687 673 2780 μεῖζον
1104 2680 1108 2694 i

351 3191 460 3264 Dnal·
485 3193 539 3269 τιό
553 3196 701 3290 μείζονι

487 3301 570 3372 τοῖν
585 3295 784 3394 μειζόνων.

363 3397 464 3468 Plur.
487 3397 536 3473 τὰ
552 3399 707 3495 μείζονα
722 3396 786 3472 καὶ
801 3394 917 3491 μείζω

486 3508 564 3575 τῶν
577 3498 762 3596 μειζόνων

486 3606 564 3685 τοῖς
577 3600 722 3697 μείζοσι

486 3700 535 3777 τὰ
549 3703 704 3801 μείζονα
717 3700 782 3778 καί
795 3700 911 3797 μείζω

487 3800 518 3879 ὦ
533 3805 688 3901 μείζονα
702 3804 766 3879 καὶ
782 3803 910 3899 μείζω.
1162 3879 1167 3887 ,

292 3993 295 3997 .
382 3921 425 3993 ln
441 3948 487 3997 ον
503 3924 742 4016 comparativi
757 3924 911 3993 efferunt
927 3921 1082 4019 plurales
1104 3919 1270 3989 nomina-

278 4029 375 4097 tivos
390 4039 427 4096 et
441 4027 662 4097 accusativos
681 4050 745 4118 per
760 4051 813 4117 ω,
839 4049 910 4100 ονα
926 4022 1031 4107 elisa,
1051 4035 1091 4093 ut
1103 4019 1269 4120 Hom.'⁰)

279 4124 423 4222 ἀμείνω
456 4123 495 4200 δ’
529 4129 661 4224 αἴσιμα
692 4120 838 4211 πάντα,
886 4125 1038 4195 Meliora
1074 4126 1268 4195 mediocria

279 4231 424 4315 omnia,
451 4225 595 4323 ἀμείνω
609 4255 677 4322 pro
692 4224 895 4323 ἀμείνονα,
920 4228 1002 4297 vide
1016 4252 1158 4299 rursum
1176 4227 1267 4298 infra

277 4334 318 4401 in
335 4358 400 4407 ων.

362 4431 423 4501 -ln
440 4460 483 4507 ον
499 4433 741 4516 substantiva,
768 4446 804 4502 et
819 4433 864 4501 ab
881 4458 921 4514 ος
943 4430 1116 4500 adiectiva
1139 4435 1185 4501 ad
1208 4434 1268 4503 de-

274 4535 512 4606 clinationem
530 4537 675 4606 tertiam
695 4535 897 4626 pertinent,
923 4546 965 4603 ut
978 4530 1123 4607 λευκόν.

723 4684 819 4761 ΩΝ.

383 4816 450 4893 stu
469 4822 554 4894 alias
568 4850 683 4911 ωνσς,
708 4824 795 4893 alias
812 4822 1004 4903 ovocfacit.
1045 4820 1267 4915 Perstringe-

277 4948 360 4994 mus
376 4946 463 5015 ergo
480 4928 601 5015 paucis
616 4924 747 4997 horum
766 4925 954 4995 nominum
972 4924 1164 4995 rationem.

359 5025 518 5096 Nomina
535 5031 690 5099 verbalia
706 5043 741 5099 et
755 5028 992 5119 comparativi
1011 5027 1049 5094 in
1064 5052 1119 5099 ων
1133 5028 1268 5097 faciunt

278 5127 473 5225 genitivum
489 5129 529 5198 in
545 5156 643 5223 σνος,
670 5158 690 5203 o
705 5132 824 5214 brevi,
848 5144 888 5200 ut
903 5123 1058 5224 νσὴμων
1071 5124 1266 5224 νοήμσνος,

274 5223 430 5353 ἀτίμων
449 5228 650 5325 δαίμονος,
679 5227 844 5331 σώφρων
862 5226 1077 5330 σώφρονος,
1102 5230 1268 5326 ἀμείνων

274 5354 487 5423 αμεινονος.

279 5471 482 5485 ——n-—-—.-.

310 5550 361 5609 2⁴)
378 5551 409 5601 ln
427 5554 601 5615 or-haec]
620 5556 662 5605 sic
680 5556 764 5605 itiitt.
774 5556 849 5608 15⁴2.
864 5568 940 5618 τις,
958 5554 1041 5607 atitt.
1057 5553 1266 5611 1522-1511.ε

347 5620 403 5681 ον,
421 5636 451 5677 ος
468 5623 547 5675 adele.
584 5626 637 5673 Est
656 5629 748 5675 autem

309 5704 361 5766 25)
379 5706 456 5758 llaec
473 5708 620 5772 inscriptio
638 5699 666 5758 iu
683 5709 767 5761 Edltt.
784 5710 973 5761 1522-1541.
993 5710 1078 5759 deest.

309 5789 361 5857 κ)
378 5793 459 5845 Bon.
479 5795 530 5847 Oti.
549 5796 611 5862 vn,
628 5796 690 5847 510.

271 5874 473 5939 Ermum·
487 5878 593 5941 Oraia
617 5880 703 5941 Vol„
719 5878 792 5941 XX.

800 621 923 697 XClV.
974 621 1303 697 GRAMMATICA
1335 622 1531 698 GRAECA
1561 621 1791 696 INTEGRA.

1398 796 1496 886 Sing.
1529 789 1726 888 ὃβελτίων

1529 903 1600 968 τοῦ
1614 891 1806 988 βελτίονος

1534 1002 1589 1092 τῷ
1604 994 1769 1091 βελτίονι

1529 1097 1598 1174 τὸν
1612 1096 1789 1193 βελτίονα
1803 1094 1868 1173 καὶ
1882 1096 2018 1194 βελτίω
2140 1155 2143 1161 -

1530 1195 1561 1270 ὦ
1575 1199 1734 1294 βέλτιον.

1399 1299 1508 1371 Dual.
1533 1297 1589 1373 τιό
1602 1297 1772 1395 βελτίονι

1528 1404 1611 1476 τοῖν
1624 1397 1845 1497 βελτιόνων.

1399 1503 1499 1575 Plur.
1527 1503 1569 1576 σί
1582 1501 1770 1598 βελτίονες

1528 1611 1606 1678 τῶν
1623 1599 1827 1700 βελτιόνων

1528 1709 1606 1788 τοῖς
1620 1702 1785 1802 βελτίοσι

1531 1804 1620 1890 τοὺς
1630 1805 1825 1903 βελτίονας

1531 1903 1562 1981 ὦ
1576 1907 1773 2004 βελτίονες.
1808 1965 1810 1968 -

1424 2060 1471 2130 Et
1482 2056 1589 2132 huius
1596 2063 1735 2131 formae
1751 2061 1949 2152 singulares
1966 2059 2158 2131 accusativi
2168 2054 2311 2131 schema

1321 2162 1527 2255 patiuntur,
1555 2177 1595 2233 ut
1608 2163 1723 2231 Attice
1741 2164 1881 2233 dicatur
1893 2158 2029 2259 βελτίω
2042 2185 2109 2253 pro
2128 2159 2314 2256 βελτίονα,

1321 2265 1414 2336 sicut
1426 2263 1604 2339 Ποσειδῶ
1624 2287 1691 2357 pro
1708 2262 1945 2338 Ποσειδῶνα.
2003 2264 2051 2334 Et
2068 2266 2224 2355 plurales
2249 2289 2314 2335 no-

1322 2368 1488 2434 minativi
1502 2367 1539 2436 in
1554 2392 1634 2449 ονες
1657 2390 1676 2435 a
1700 2366 1815 2458 poetis
1837 2368 1963 2436 crebro
1987 2390 2052 2457 per
2074 2392 2138 2447 ους
2160 2367 2314 2436 efferun-

1323 2481 1401 2550 tur,
1427 2481 1469 2536 ut
1485 2466 1655 2561 βελτίους
1669 2494 1736 2559 pro
1757 2465 1955 2562 βελτίονες.
1991 2469 2050 2538 Sic
2059 2468 2314 2563 Homerus’⁷):

1322 2574 1461 2663 παῦροι
1473 2568 1547 2665 γάρ
1562 2596 1621 2641 τοι
1632 2567 1763 2650 παῖδες
1778 2566 1901 2662 ὁμοῖοι
1920 2567 2035 2666 πατρὶ
2050 2568 2223 2643 πέλονται
2229 2623 2242 2656 ,
2278 2568 2317 2643 σί

1323 2667 1472 2751 πλέονες
1491 2667 1663 2756 κακίους,
1701 2677 1841 2766 παῦροι
1859 2667 1905 2742 δι’
1923 2697 1964 2744 τε
1986 2669 2128 2767 πατρὸς
2153 2669 2313 2769 ἀρείους.

1322 2771 1434 2840 Pauci
1463 2772 1562 2861 gnati
1592 2773 1725 2842 similes
1756 2773 1852 2862 patri
1878 2787 1981 2855 sunt,
2020 2776 2139 2862 plures
2161 2776 2315 2864 peiores,

1322 2873 1428 2961 pauci
1444 2897 1531 2941 vero
1556 2875 1651 2962 patri
1676 2875 1855 2944 meliores.
1913 2873 2047 2967 Estque
2071 2869 2225 2957 κακίους
2246 2900 2313 2967 pro

1323 2968 1513 3057 κακίονες,
1540 2970 1688 3067 ἀρείους
1701 2999 1768 3066 pro
1786 2969 1951 3071 ἀρείονος
1967 2976 2102 3044 dictum
2111 2974 2173 3072 λ’).

1422 3104 1511 3175 Item
1526 3108 1711 3203 vocativus
1727 3108 1917 3178 nominum
1933 3133 1989 3182 ων
2003 3109 2144 3177 literam
2165 3110 2314 3201 genitivi

1321 3209 1496 3303 sequitur.

1425 3342 1633 3414 Verbalium
1653 3357 1771 3415 autem
1789 3343 1943 3412 formam
1966 3359 2002 3417 et
2022 3348 2172 3440 propria
2197 3350 2314 3443 plera-

1323 3471 1393 3540 que
1408 3460 1628 3542 sequuntur,
1654 3448 1692 3514 in
1714 3446 1842 3539 quibus
1861 3472 1874 3517 ι
1891 3448 1947 3515 vel
1964 3475 1989 3519 α
2004 3450 2151 3541 longum
2170 3476 2313 3542 praece·

1322 3548 1376 3617 dit
1401 3574 1475 3636 ων,
1522 3561 1563 3617 ut
1579 3544 1751 3644 Ἀμφίων
1768 3544 1988 3642 Ἀμφίονος,
2019 3545 2206 3644 Ἔλιμόων
2222 3548 2313 3625 itta-

1320 3642 1475 3744 μοίονσς.
1527 3647 1575 3719 Et
1595 3649 1763 3743 gentilia,
1789 3660 1830 3719 ut
1843 3645 1970 3743 μαίων
1985 3649 2160 3746 μαίσνος,
2188 3649 2313 3730 παίων

1320 3748 1475 3832 παίονος
1490 3764 1554 3822 etc.
1563 3750 1623 3848 ¹⁹).

1422 3888 1576 3981 Reliqua
1598 3888 1637 3956 in
1651 3886 1762 3979 wv³⁰)
1785 3913 1816 3960 ω
1834 3901 1997 3973 servant,
2028 3902 2069 3958 ut
2083 3852 2223 3983 Σίμων
2238 3888 2311 3964 Σί-

1319 4016 1463 4083 μωνος,
1499 3983 1681 4063 Ἀπόλλων
1710 3984 1962 4082 Ἀπόλλωνος,
2010 3986 2151 4086 Ὠρίων
2177 3991 2312 4092 Ὠρίω-

1236 4126 1245 4142 ·
1319 4092 1458 4184 roff).

1421 4227 1554 4319 Excipe
1569 4250 1682 4318 pauca
1696 4227 1894 4295 foeminina
1913 4228 2115 4312 acutitona,
2148 4243 2185 4299 et
2207 4255 2319 4320 prae·

1321 4331 1423 4422 cipue
1440 4355 1531 4426 quae
1557 4331 1596 4397 in
1619 4324 1701 4402 ἀων
1725 4342 1855 4398 exeunt
1877 4330 2119 4423 polysyllaba,
2157 4346 2196 4402 ut
2213 4339 2311 4424 χελι-

1319 4430 1401 4506 δοίν
1426 4424 1635 4526 χελιδόνος,
1675 4424 1860 4526 arcator
1892 4425 2123 4528 ἀνάηάόνσς,
2169 4429 2311 4508 σινόαίν
2360 4455 2364 4460 “

1321 4530 1511 4626 σινδόνος,
1536 4528 1647 4607 οἶκτόν
1668 4531 1876 4631 είκόνσς”).

1421 4669 1509 4740 Item
1543 4694 1657 4762 pauca
1696 4672 1871 4762 quaedam
1915 4670 2083 4761 propria,
2136 4684 2176 4739 ut
2200 4667 2316 4769 Ἅμα--

1318 4771 1474 4869 μίμνοιεν
1508 4767 1807 4871 Ἀγαμέμνονος,
1853 4768 2038 4844 Ἀκταίων
2074 4766 2308 4860 Ἀκταίονός,

1320 4962 1524 4975 -ά-

1353 5070 1402 5136 ιν)
1421 5073 1499 5121 nom.
1519 5070 1569 5120 ou.
1588 5070 1622 5133 u,
1639 5069 1692 5119 aaa
1710 5081 1750 5131 aq.

1351 5141 1406 5240 ιε)
1421 5175 1545 5234 uictum]
1564 5174 1591 5223 u
1611 5173 1694 5223 aurit.
1716 5172 1907 5224 isar-rau.
1927 5174 2014 5225 deest.

1352 5278 1399 5343 2⁹)
1419 5279 1580 5329 verbalium
1592 5276 1748 5333 -παιονος
1766 5273 1833 5343 eta]
1852 5277 1984 5330 aiciiditt.
2000 5280 2074 5331 iata.
2088 5292 2163 5343 σοις
2184 5280 2307 5333 lutiditt.

1389 5347 1584 5399 1522-1541.
1603 5347 1670 5396 ilaec
1689 5357 1744 5394 non
1761 5347 1947 5408 reperiuntur.

1352 5451 1402 5519 50)
1421 5451 1540 5515 Reliqua
1555 5450 1585 5499 tn
1602 5450 1655 5510 ων]
1673 5449 1757 5499 lidltt.
1771 5450 1965 5503 15211-1511.
1983 5452 2100 5513 Reliqua
2117 5435 2186 5503 vero

1351 5556 1401 5615 31)
1418 5551 1520 5620 Ὠρίων
1541 5543 1698 5618 Ὠρίωνος]
1729 5551 1770 5602 alc
1793 5551 1878 5605 Edltt.
1899 5550 1968 5603 ¹522
1984 5578 2019 5589 -
2039 5554 2113 5604 1511.
2122 5569 2132 5619 ;
2168 5556 2196 5606 in
2222 5553 2306 5605 uuirt.

1311 5667 1313 5672 ,
1358 5664 1363 5673 ,
1388 5624 1464 5675 1542.
1478 5634 1535 5685 sqq.
1554 5622 1640 5671 deest.

1352 5727 1401 5786 52)
1420 5725 1522 5786 Excipe
1540 5749 1575 5759 -
1592 5716 1720 5786 εἰκόνος]
1741 5720 1782 5770 alc
1800 5721 1883 5771 udin.
1901 5721 1976 5771 1512.
1992 5736 2068 5841 sagq
2099 5723 2184 5773 Editt.
2200 5723 2307 5773 1522-

1290 5843 1294 5850 ,
1390 5795 1465 5844 1511.
1484 5792 1575 5849 Pauca
1593 5792 1686 5854 excipe
1705 5789 1872 5856 foeminina,
1897 5793 1928 5841 ut
1945 5788 2025 5855 χελιό
2046 5806 2064 5841 ν
2078 5786 2227 5857 χελιδόνος.
