5534 6700
483 534 560 622 no
1006 546 1132 623 Pulla
1157 547 1272 621 MEL.
1298 546 1501 622 SCRIPTA
1524 545 1657 619 vitun
1682 545 1986 621 annuntiari.
2439 549 2522 624 724

482 718 708 804 immortale,
733 718 911 810 nullisque
924 717 1029 789 fissile
1046 718 1158 792 rimis.
1209 719 1471 804 Animantium,
1523 718 1761 811 intelligendi,
1794 731 1829 788 et
1849 721 1930 790 lons
1953 719 2161 799 affectuum3
2188 718 2348 811 Corpus,
2375 735 2520 805 venter,

483 824 675 904 arborum,
712 844 954 911 gemmarum,
990 819 1204 904 herbarum,
1239 837 1275 893 et
1299 824 1470 894 similium
1523 836 1649 915 caput,
1675 825 1800 913 pedes,
1826 834 1892 893 etc.

484 948 605 994 rerum
628 922 807 992 finitiones
830 946 874 992 ex
893 919 963 994 hoc
988 949 1116 1016 genere
1139 938 1330 1017 petuntur,
1364 937 1472 1019 atque
1624 924 1798 1015 Apprime
1832 924 2031 995 necessaria
2065 937 2117 994 est
2146 924 2240 993 ratio
2275 938 2399 994 exacte
2429 926 2518 996 divi-

483 1021 554 1097 hoc
566 1024 714 1094 finiendi
730 1048 859 1115 genere
877 1027 1035 1098 erebrius
1049 1027 1204 1110 utimur,
1230 1031 1328 1121 quod
1343 1030 1473 1097 modus
1524 1025 1707 1119 dendi2'),
1741 1029 1787 1095 ad
1807 1022 2005 1096 rhetoricas
2021 1026 2309 1111 distributiones,
2336 1040 2375 1096 et
2390 1031 2518 1121 ampli·

483 1124 663 1198 humanae
694 1127 907 1218 cognitionis
931 1130 1043 1198 ferme
1071 1154 1113 1199 ex
1137 1131 1258 1201 multis
1283 1129 1473 1199 accidenti·
1524 1129 1726 1212 ficationes,
1752 1141 1792 1198 ut
1814 1141 1910 1199 totus
1936 1141 2137 1199 monstrum
2164 1141 2235 1212 est,
2261 1130 2299 1198 id
2316 1125 2387 1198 hoc
2413 1145 2516 1222 pacto

484 1229 550 1299 bus
573 1253 683 1297 unam
706 1231 887 1324 quandam
912 1233 1131 1303 substantiae
1160 1233 1353 1324 imaginem
1372 1231 1475 1301 colli·
1526 1230 1750 1314 dilatabitur,
1777 1230 1807 1300 si
1822 1228 2006 1300 hominem
2023 1233 2060 1298 in
2077 1256 2207 1323 corpus
2222 1245 2329 1327 atque
2354 1235 2518 1305 animum

485 1331 547 1422 git.
621 1330 810 1402 Caeterum
851 1335 1073 1404 'substantiae
1114 1335 1214 1427 ipsae
1249 1335 1474 1426 ignorantur.
1525 1333 1713 1425 partiaris,
1738 1333 1867 1403 deinde
1881 1334 2038 1424 singulas
2054 1334 2216 1426 corporis
2230 1348 2374 1426 partes,
2400 1336 2520 1429 singu·

483 1432 610 1527 Neque
630 1435 724 1503 enim
740 1436 834 1503 inter
850 1435 1021 1506 Catonem
1039 1451 1074 1506 et
1092 1435 1221 1508 lulium
1244 1438 1484 1521 internosces,-
1525 1436 1578 1505 lss
1596 1435 1683 1505 item
1699 1436 1821 1504 animi
1841 1449 1960 1527 partes
1983 1436 2155 1527 attingas,
2178 1449 2224 1505 -et
2245 1438 2368 1507 animo
2386 1454 2423 1508 et
2441 1465 2521 1510 cor-

484 1536 618 1608 nisiex
641 1538 774 1628 ligura,
799 1534 925 1609 habitu
941 1541 1124 1632 corporis,
1152 1540 1246 1624 oris,
1271 1565 1378 1623 voce,
1404 1551 1476 1610 sta-
1526 1550 1832 1630 poremonstrum
1851 1552 1915 1609 est.
1967 1537 2128 1622 Oculos,¹
2144 1562 2197 1623 os,
2222 1540 2376 1624 vultum,
2401 1555 2515 1612 totam

485 1651 544 1724 tu,
570 1662 709 1731 gressu,
734 1653 870 1725 aetate,
896 1642 1100 1712 discrimina
1121 1641 1334 1737 colligas0).
1527 1639 1682 1733 denique
1714 1640 1877 1730 corporis
1916 1642 2068 1732 lignem
2107 1641 2261 1734 inspice,
2298 1644 2389 1736 quid
2422 1646 2520 1714 aliud

587 1742 707 1812 Habes
730 1743 978 1815 definitionum
1001 1747 1192 1827 formulas,
1220 1770 1308 1839 quas
1331 1757 1373 1815 ut
1395 1741 1477 1812 dili·
1528 1767 1637 1836 quam
1665 1754 1867 1813 monstrum
1899 1766 1987 1834 prae
2011 1768 2048 1813 se
2075 1743 2223 1813 lerunt?
2282 1746 2404 1839 Atque
2434 1743 2522 1816 haec

487 1857 612 1938 genter
644 1858 679 1914 et
713 1860 877 1917 accurate
916 1871 1099 1932 exerceas,
1140 1844 1335 1932 adhortor,
1377 1846 1477 1941 quod
1529 1845 1704 1914 orationis
1735 1859 1946 1915 ornamenta
1977 1871 2041 1917 seu
2071 1839 2249 1917 schemata
2274 1873 2318 1917 ex
2344 1849 2522 1920 divisione

488 1949 582 2017 ratio
600 1947 805 2018 finitionum
830 1953 994 2041 apprime
1016 1952 1212 2022 necessaria
1236 1951 1301 2034 sit,
1327 1975 1407 2019 cum
1431 1950 1477 2016 ad
1529 1947 1733 2030 dialectica,
1761 1971 1826 2018 ceu
1840 1971 1883 2017 ex
1898 1950 1998 2018 fonte
2017 1946 2246 2032 derivantur,
2272 1963 2314 2019 ut
2328 1975 2350 2020 e
2372 1952 2523 2043 singulis

489 2051 677 2120 iudicanda
698 2051 899 2135 axiomata,
933 2065 1008 2122 tum
1035 2056 1081 2122 ad
1104 2065 1398 2144 argumentorum
1420 2050 1480 2119 in·
1530 2049 1725 2121 dialecticis
1750 2049 1859 2133 loeis,
1890 2051 2192 2142 singulae-ferme
2222 2048 2408 2127 rhetorum
2432 2057 2525 2145 figu-

489 2154 708 2238 ventionem,
722 2154 760 2223 id
774 2157 872 2248 quod
887 2179 954 2226 usu
969 2156 1036 2248 ipsi
1053 2155 1255 2239 didicimus,
1270 2157 1389 2247 lapsos
1404 2177 1478 2224 esse
1530 2176 1612 2237 rae,
1646 2151 1682 2220 id
1711 2154 1808 2245 qnod
1834 2153 1873 2221 in
1894 2154 2040 2223 ratione
2059 2157 2332 2244 argumentandi
2352 2159 2526 2226 ostende·

488 2256 528 2325 in
545 2255 738 2327 iudicando
756 2281 902 2349 graves,
927 2259 1165 2343 utvidentur,
1191 2271 1366 2340 auctores,
1392 2256 1477 2350 quia
1530 2279 1630 2339 mus,
1654 2266 1860 2325 nouantur.
1891 2299 1895 2312 ·
2010 2288 2013 2295 ¹

489 2361 610 2452 inepte
642 2361 813 2457 linissent.
874 2361 986 2431 Plane
1018 2374 1160 2431 exactae
1187 2384 1229 2431 ac
1254 2357 1480 2430 methodicae
1629 2356 1788 2426 Addunt⁴
1803 2352 1859 2426 his
1879 2357 2063 2427 dividendi
2088 2356 2218 2428 formis
2248 2372 2284 2428 et
2308 2360 2522 2430 divisionem

490 2463 743 2554 disputationis
777 2486 840 2533 ceu
865 2464 1138 2534 fundamentum
1160 2466 1341 2558 quoddam
1362 2461 1479 2532 linitio
1530 2458 1586 2528 rei
1600 2458 1639 2526 in
1655 2459 1871 2540 occidentia,=
1884 2463 1981 2552 quod
1997 2461 2127 2551 probo,
2137 2486 2224 2530 -cum
2242 2463 2439 2531 occidentia
2457 2462 2525 2530 dii·

491 2577 554 2636 est.
607 2566 747 2659 Quare,
773 2567 910 2637 simale
925 2567 1080 2651 linietis,
1106 2561 1197 2636 nihil
1210 2567 1385 2636 foeliciter
1398 2565 1481 2636 sub-
1531 2560 1795 2632 terentiae-vice
1809 2575 2047 2653 usurpantur,
2072 2576 2114 2634 ut
2129 2559 2409 2654 pharmacorum
2426 2564 2524 2632 alind

490 2671 672 2740 struxeris.
1532 2665 1707 2747 salutare,
1733 2665 1831 2735 aliud
1846 2664 2074 2755 pestiferum:
2112 2689 2188 2734 non
2207 2669 2343 2758 probo,
2371 2690 2454 2736 cum
2470 2688 2527 2733 ao·

1533 2766 1821 2860 sidentis-quasi
1851 2779 1973 2858 partes
2000 2768 2054 2838 roi
2075 2769 2310 2860 explicamus,
2342 2781 2382 2838 ut
2403 2767 2530 2859 paries

1533 2870 1664 2961 partim
1682 2871 1802 2952 albus,
1827 2869 1962 2960 partius
1975 2871 2089 2962 niger.
2139 2870 2423 2942 Nondum-enim
2441 2869 2529 2940 satis

491 3032 615 3125 lypum
638 3027 677 3096 in
697 3026 829 3116 piscem
853 3036 888 3092 et
905 3024 1083 3095 morbum.
1134 3023 1290 3107 Verum,
1316 3018 1401 3116 quia
1419 3044 1486 3119 vib,
1532 2967 1844 3063 im‘ffifl05'huiu’
1859 2973 1997 3042 f⁰¹'¹¹¹⁰⁰
2011 2994 2180 3043 ”mm
2195 2972 2427 3065 ‘lul'lm‘ll’
2457 2983 2528 3051 ³¹¹¹»

493 3155 549 3201 ces
571 3127 759 3219 ambiguae
783 3150 930 3225 prorsus
952 3151 970 3194 e
987 3125 1170 3195 dialectica
1190 3125 1483 3194 exterminandae
1533 3099 1564 3146 ἰ
1585 3099 1668 3168 (1⁰¹⁸
1689 3087 1763 3159 ω’
1776 3077 2108 3146 'mmmmm‘
2125 3087 2243 3164 'nell‘
2258 3095 2530 3152 V⁰C³V⁰¹¹ffl¹¹⁸v

492 3244 596 3314 sunt,
637 3242 673 3298 et
701 3253 721 3297 a
751 3226 993 3321 grammaticis
1016 3241 1110 3297 certa
1134 3253 1204 3298 vox
1237 3239 1352 3296 certae
1374 3225 1483 3317 signi·
1533 3178 2209 3248 nmmum⁸⁰⁰¹d⁰¹¹⁰³¹¹⁰l⁸ffl¹¹²⁰ff

492 3331 669 3432 litationis
683 3333 849 3425 petenda,
875 3332 919 3401 de
934 3324 1004 3401 hoc
1017 3334 1146 3424 genere
1160 3330 1376 3404 divisionum
1390 3323 1483 3397 nihil

492 3437 778 3534 praescripturus
794 3461 885 3506 sum.
935 3430 1013 3504 lmo
1030 3438 1209 3504 admoneo
1227 3429 1483 3526 disputaturos,

493 3554 555 3612 aut
578 3540 782 3634 quicunque
804 3536 973 3630 privatim
996 3538 1233 3608 versabuntur
1254 3535 1292 3604 in
1314 3535 1482 3626 gravibus
2001 3619 2004 3626 ,
2042 3591 2046 3600 ,
2156 3585 2161 3594 .
2465 3615 2475 3632 1

494 3671 535 3716 ac
557 3641 691 3735 asperis
713 3642 863 3725 caussis,
895 3653 935 3709 ut
951 3639 1113 3733 primum
1145 3638 1321 3732 propositi
1347 3636 1483 3729 negotii
1635 3615 1815 3690 fltclessut
1838 3622 1884 3690 de
1904 3623 2032 3690 naturil
2057 3617 2270 3713 rationeque
2294 3639 2426 3687 vocum
2445 3641 2531 3687 sim·

494 3758 611 3817 certae
635 3741 903 3835 significationis
925 3744 1096 3813 vocabula
1122 3742 1360 3831 constituant,
1395 3740 1483 3808 alio·
1534 3721 1679 3836 Pffiuiss
1700 3719 1933 3830 dlflffiff),
1976 3735 2015 3792 1st
2034 3723 2075 3791 'fn
2097 3721 2249 3841 Simplici
2273 3716 2429 3789 themate
2455 3729 2532 3784 ῑῐᾶ·

495 3847 557 3945 qui
569 3846 646 3915 fieri
663 3868 737 3932 non
755 3858 891 3936 potest,
918 3846 1006 3938 quin
1024 3846 1062 3913 in
1083 3848 1198 3915 media
1220 3843 1483 3926 dissertatione,
1536 3825 1665 3893 standi)
1682 3820 1828 3908 habea&
1855 3837 1962 3930 quam
1979 3845 2139 3918 Siqu'ffls
2152 3823 2323 3915 “inlitus
2348 3845 2413 3889 ⁶⁰¹¹
2427 3815 2533 3888 The·

494 3974 615 4021 rerum
639 3972 748 4041 scopo
765 3947 941 4016 excidant.
992 3947 1050 4017 Sic
1067 3944 1162 4016 enim
1181 3947 1303 4017 lelellit
1318 3945 1485 4038 Pelagius
1535 3927 1586 3999 8θῖ
1607 3927 1719 3997 filum·
1769 3924 1972 4008 Plufimum
1998 3928 2092 3995 essim
2114 3925 2350 4044 refert-scire,
2375 3947 2453 4017 ‘1¹10
2472 3935 2535 4040 οἷ’·

494 4051 693 4125 haereticus
723 4044 935 4133 catholicos,
975 4062 1016 4119 ut
1043 4062 1095 4119 est
1118 4053 1212 4142 apud
1232 4049 1484 4141 Augustinum,
1536 4029 1638 4113 dine,
1664 4029 1806 4125 quavis
1824 4030 2096 4148 Pervisslldfflda
2114 4028 2161 4099 δὴ
2178 4027 2334 4099 ⁶¹¹¹¹¹⁸Vl⁵
2357 4021 2536 4116 [hemam

494 4159 592 4252 quod
623 4154 709 4225 alias
740 4152 845 4221 aliter
875 4151 1012 4244 gratiae
1040 4151 1187 4221 nomine
1218 4153 1403 4236 utebatur,
1441 4175 1484 4219 eo
1536 4143 1677 4203 mimia·
1729 4130 2534 4247 Nam⁸²³¹¹⁰ffl³i¹1mi‘’Urgumffllqmm

495 4284 589 4342 uno,
614 4284 698 4330 usus
715 4258 899 4347 desperata
917 4279 1022 4346 saepe
1039 4280 1182 4338 caussa,
1208 4252 1390 4346 perfugio,
1415 4248 1485 4321 hoc
1535 4233 1706 4305 iudicium
1729 4237 1861 4326 pendet
1883 4233 2137 4342 e'simplicium
2157 4230 2532 4351 thematum-ratione.

402 4423 404 4427 .
495 4387 605 4455 genus
628 4361 788 4454 exempla
811 4359 849 4426 in
871 4357 1022 4449 dialogis
1039 4355 1234 4428 Platonicis
1250 4356 1372 4426 crebra
1390 4367 1484 4426 sunt.
1535 4333 1610 4406 ¹³¹¹]
1625 4350 1674 4420 ἴθ’
1687 4338 1811 4420 lecim,
1827 4338 2005 4456 ὃᾶῐξὶῦῐῑθῠ
2021 4361 2096 4407 rem
2115 4339 2227 4429 ipsam
2245 4338 2289 4405 ad
2305 4334 2430 4404 ammi
2445 4334 2535 4404 ludl-

494 4467 587 4538 Sunt
610 4478 730 4533 autem
753 4486 883 4552 genera
905 4460 1122 4530 divisionum
1146 4463 1230 4530 duo,
1281 4456 1484 4528 Dividimus
1536 4440 1629 4509 cium
1648 4463 1810 4521 revoces,
1833 4452 1874 4508 ut
1890 4440 2085 4531 intelligas,
2104 4438 2334 4550 ¹dialecticam
2356 4459 2533 4509 essenon

496 4569 592 4641 enilb
616 4591 727 4660 genus
751 4566 790 4632 in
813 4563 945 4656 species
969 4588 1032 4654 per
1056 4563 1295 4645 differentias,
1321 4574 1381 4643 ut,
1408 4559 1484 4629 ani·
1536 4555 1610 4612 iam
1633 4556 1766 4654 artem,
1799 4565 1907 4661 quam
1931 4546 2111 4661 quendam
2137 4554 2531 4661 naintflefsspiuutstss

497 4672 687 4754 mantium,
712 4669 810 4764 quod
826 4691 990 4737 sermone
1004 4665 1129 4749 utitur,
1152 4662 1264 4736 homo
1279 4676 1343 4747 est,
1369 4663 1484 4747 Muta,
1536 4669 1698 4729 sensum,
1725 4667 1797 4738 quo
1814 4648 1979 4749 ducimur
1992 4671 2029 4714 in
2045 4647 2341 4736 pervestigandts,
2371 4646 2528 4714 iudican-

495 4776 837 4864 b05,100‚c;,p13,
863 4769 1070 4864 etreliqua,
1122 4772 1196 4840 Aut
1216 4766 1384 4837 findimus
1406 4790 1483 4834 rem
1536 4747 1634 4819 disve
1650 4743 1885 4831 thematibus,
1911 4751 2009 4842 quod
2025 4760 2065 4816 ut
2085 4746 2283 4866 intelligas,
2311 4746 2525 4839 simplicium

495 4879 534 4949 in
550 4892 691 4971 partes,
716 4888 899 4965 utcorpus
915 4874 960 4948 jn
982 4873 1108 4964 pedes,
1135 4896 1282 4953 manus,
1310 4881 1484 4952 ventrem,
1536 4845 1733 4921 thematum
1754 4851 1983 4970 iluaflSiloness·
1998 4851 2252 4968 Plzaescrlba'm·

433 5049 436 5054 .
497 4995 614 5074 caput.
665 4981 743 5047 Hoc
764 4976 949 5048 dividendi
971 5000 1081 5068 genus
1105 4972 1229 5066 Cicero
1250 4971 1482 5065 partitionem
1690 4951 1789 5070 Quid
1805 4954 2139 5071 nomenstgiuficel,

497 5096 622 5167 vocat,
655 5095 761 5175 atque
786 5078 844 5150 hic
866 5104 968 5162 cave,
1009 5077 1107 5171 quod
1132 5090 1166 5145 et
1190 5075 1333 5145 Marcus
1358 5073 1486 5174 Cicero·
1690 5055 1787 5147 Qu¹d
1803 5078 1859 5125 “³⁸
1874 5067 1931 5138 ⁸¹¹,

496 5189 686 5268 admonet,
724 5210 768 5253 ne
799 5195 919 5274 partes
949 5206 1029 5251 cum
1058 5181 1241 5273 speciebus
1274 5171 1483 5248 confundas.
1689 5154 1792 5250 Quae
1810 5181 1964 5241 cantiae,

496 5288 637 5383 Species
652 5300 754 5370 sunt,
782 5310 872 5379 quae
891 5310 1018 5376 genere
1037 5284 1266 5354 continentur
1283 5283 1422 5362 eodem,
1448 5279 1485 5347 at'
1604 5365 1606 5369 Α
1654 5261 1792 5364 ¹Quat!
1811 5273 1944 5379 partes,

496 5419 538 5464 ex
563 5391 648 5484 ipsis
670 5414 778 5480 genus
802 5412 876 5456 non
904 5388 1100 5457 conficitur.
1170 5386 1314 5467 Partes,
1348 5383 1383 5451 id
1410 5401 1484 5475 quo
1690 5363 1799 5456 Q¹¹⁰d
1819 5362 1987 5433 ⁰ffi0¹1¹ssh

496 5497 724 5566 continentur
741 5488 809 5587 ²¹),
848 5490 1056 5571 conficiunt,
1095 5490 1185 5559 sicut
1207 5487 1397 5567 Animam,
1430 5485 1484 5555 vis
1535 5479 1741 5531 ....;...-.-.

495 5635 701 5656 --·--·
1406 5657 1409 5662 .
1570 5616 1619 5675 22)
1638 5617 1739 5667 annot.
1757 5624 1863 5678 marg:
1890 5611 2075 5665 Commoditas
2095 5611 2271 5664 divisionum.
2565 5579 2569 5660 l

529 5701 577 5757 2⁰)
596 5659 697 5750 Antist.
712 5707 814 5759 marg:
840 5691 1001 5742 substantio
1015 5690 1191 5754 cognoscitur
1209 5702 1243 5738 er
1259 5659 1456 5740 sortientibus.
1508 5723 1513 5744 ,
1570 5701 1619 5761 ῃ)
1637 5702 1739 5750 ΑΜ,
1757 5710 1864 5764 mg„
1890 5701 1965 5749 um
1988 5709 2100 5765 mu,
2130 5706 2200 5759 ,m
2223 5695 2524 5761 „mugngm

528 5787 578 5844 21)
598 5784 787 5842 continentur]
806 5780 849 5830 sio
868 5782 942 5829 recte
962 5777 1010 5828 tid.
1024 5775 1070 5840 ις
1092 5776 1215 5826 uetiti.
1229 5774 1255 5825 1.
1274 5773 1450 5825 continenter
1508 5754 1513 5829 i
1605 5770 1731 5835 praedita
1748 5771 1822 5818 sunt.

817 2800 879 2872 De
905 2801 1152 2873 divisione.

594 2923 749 3018 Quidam
766 2908 870 2992 voces
885 2919 1051 2991 dividunt
1066 2921 1104 2990 in
1120 2920 1336 3014 significata,
1361 2932 1402 2988 ut
1417 2943 1481 3011 po-

1533 3383 1651 3453 Usus
1683 3404 2014 3475 eorum,3qus=e
2046 3384 2097 3451 de
2128 3379 2319 3449 vocibus
2341 3378 2530 3470 simpli·

1784 3483 2126 3576 'eibus'pro'dita
2149 3495 2265 3553 sunt.
