5534 6700
433 539 509 629 sss
1020 554 1143 626 rnn.
1169 554 1513 629 nnn.scn1rra
1538 552 1880 630 rnnonootox
2391 558 2470 633 eso

427 741 499 797 tem
517 727 691 818 accipient
706 739 832 792 terrae.
869 722 972 790 Beati
989 727 1052 817 qui
1067 728 1227 794 esuriunt
1244 741 1279 806 et
1295 718 1422 794 sitiunt
1444 764 1449 825 t
1472 724 1547 794 rius
1562 727 1692 805 iudici,
1717 740 1752 792 et
1769 726 1873 795 iudex
1889 740 1923 795 te
1940 728 2060 795 tradat
2076 726 2263 809 ministro,
2289 740 2325 796 et
2338 728 2377 795 in
2392 754 2471 799 car-

427 830 620 910 institiam,
643 826 813 921 quoniam
831 824 899 915 ipsi
914 826 1205 896 saturabuntur-¹
1228 824 1338 894 'Beati
1348 820 1422 895 mi·
1442 844 1451 933 f
1472 822 1594 895 cerem
1616 824 1835 898 coniicis'ris.
1885 828 2001 895 Amen
2032 830 2113 896 dico
2138 828 2223 909 tibi,
2257 852 2333 897 non
2358 832 2470 905 exibis

425 932 640 1010 sericordes‚
675 927 846 1018 quoniam
881 927 949 1019 ipsi
983 928 1265 1001 misericord'mm
1298 952 1422 1003 conse.»
1470 928 1591 1010 illine,
1613 930 1968 1019 donecpersolveris
1993 941 2190 999 extremum
2216 934 2471 1022 quadrantem.

427 1047 594 1128 quentur.
658 1028 763 1097 Beati
804 1032 939 1099 mundo
974 1033 1102 1115 corde,
1145 1032 1316 1125 qnoniam
1352 1031 1421 1123 ipsi
1471 1031 1651 1113 Audistis,
1676 1033 1774 1124 quod
1790 1032 2050 1127 dictum—fuerit
2069 1031 2243 1124 antiquis:
2271 1033 2469 1106 Noncom-

425 1135 542 1205 Deum
568 1133 750 1201 videbunt.
802 1131 907 1201 Beati
931 1134 1091 1223 pacifici,
1119 1132 1290 1227 quoniam
1315 1132 1341 1200 ii
1357 1133 1421 1202 lilii
1472 1135 1592 1203 mittes
1610 1132 1838 1204 adulterium.
1878 1134 1926 1203 At
1942 1158 2009 1223 ego
2024 1134 2105 1203 dico
2121 1134 2244 1216 vobis,
2271 1138 2369 1229 quod
2389 1142 2469 1233 qui·

425 1237 494 1306 Dei
525 1236 761 1304 vocabuntur.
827 1233 931 1302 Beati
962 1236 1024 1328 qui
1049 1235 1331 1329 persecutionem
1357 1260 1422 1327 pa·
1473 1259 1613 1328 cunque
1629 1235 1806 1326 aspexerit
1821 1260 1969 1304 uxorem
1989 1238 2134 1306 alterins
2150 1239 2196 1304 ad
2212 1239 2467 1329 concupiscen-

425 1340 564 1410 tiuntur
597 1349 746 1428 propter
774 1336 967 1420 iustib'am,
1002 1339 1174 1433 quoniam
1199 1339 1343 1408 ntorum
1370 1350 1422 1408 est
1471 1338 1557 1408 dum
1585 1361 1684 1422 earn,
1716 1338 1788 1405 ianrr
1812 1338 2027 1407 adulterium
2056 1362 2134 1407 cum
2160 1343 2404 1412 eacommisit
2428 1345 2468 1413 in

424 1466 574 1533 regnum
608 1440 803 1508 coelorum.
868 1438 974 1510 Beati
996 1442 1099 1524 estis,
1133 1466 1213 1510 cum
1237 1442 1370 1532 probra
1388 1440 1420 1534 ι)
1473 1442 1580 1509 corde
1603 1465 1680 1510 suo.
1732 1440 1839 1531 Quod
1861 1441 1891 1509 si
1908 1440 2031 1510 oculus
2046 1453 2127 1510 tuus
2141 1444 2266 1517 dexter
2281 1444 2466 1521 obstaculo

425 1544 576 1615 iecerint
599 1543 637 1610 in
661 1566 725 1613 vos
747 1538 932 1627 homines,
966 1557 1001 1613 et
1026 1544 1188 1615 insectati
1208 1543 1359 1621 fuerint,
1386 1554 1422 1612 et
1456 1542 1678 1623 'tihifuerit‚
1705 1566 1788 1611 erne
1806 1542 1926 1624 illum,
1952 1542 2116 1639 etabiice
2135 1543 2260 1613 abste.
2311 1542 2465 1638 Expedit

425 1646 580 1716 dixerint
603 1669 709 1712 omne
734 1645 868 1713 malum
888 1646 1036 1715 verbnm
1054 1650 1224 1716 adversus
1239 1671 1303 1716 vos
1321 1670 1421 1717 meur
1473 1646 1568 1713 enim
1588 1645 1674 1726 tibi,
1699 1656 1739 1713 nt
1759 1656 1882 1734 pereat
1903 1668 2015 1714 unum
2038 1645 2283 1713 membrorum
2305 1659 2465 1735 tuorum,

425 1750 571 1829 tientes,
597 1760 746 1838 propter
767 1773 836 1819 me.
876 1749 1038 1819 Gaudete
1056 1762 1090 1817 et
1106 1749 1280 1832 exultate,
1303 1771 1420 1841 quon·
1472 1772 1513 1816 ac
1536 1770 1611 1814 non
1633 1759 1748 1814 totum
1773 1770 1902 1837 corpus
1926 1759 2027 1815 tuum
2052 1746 2265 1815 coniiciatur
2280 1748 2318 1816 in
2334 1748 2465 1840 gehen·

425 1853 497 1919 iam
524 1874 658 1919 merces
684 1863 800 1920 vestra
828 1851 939 1921 multa
957 1851 1061 1921 estin
1078 1851 1196 1923 coelis.
1247 1851 1306 1921 Sic
1323 1850 1418 1919 enim
1471 1875 1567 1918 nam.
1631 1847 1677 1916 Et
1710 1849 1739 1917 si
1766 1851 1909 1917 dextera
1937 1861 1997 1927 tua
2027 1872 2153 1918 uranus
2181 1849 2359 1919 obstiterit
2387 1854 2465 1939 tibi,

424 1953 598 2046 persecuti
630 1954 775 2020 fuerunt
808 1947 1023 2045 prophetas,
1070 1953 1130 2045 qui
1160 1956 1306 2022 suerunt
1337 1964 1420 2022 ante
1471 1962 1616 2042 amputa
1634 1975 1712 2019 eam
1730 1964 1766 2018 et
1780 1950 1914 2040 proiice
1931 1952 1993 2019 abs
2010 1963 2056 2021 te.
2104 1949 2258 2042 Expedit
2272 1953 2367 2021 enim
2386 1956 2465 2042 tibi,

425 2081 502 2129 vos.
533 2053 607 2125 Vos
622 2055 705 2125 estis
721 2055 772 2125 sal
788 2067 917 2125 terrae.
972 2054 1080 2148 Quod
1097 2056 1127 2125 si
1149 2056 1201 2124 sal
1223 2056 1419 2147 infatuatus
1471 2066 1510 2123 ut
1531 2065 1654 2144 pereat
1676 2076 1786 2121 unum
1807 2054 2051 2121 membrorum
2067 2066 2232 2135 tuorum,
2259 2079 2301 2123 ac
2314 2079 2388 2124 non
2408 2070 2463 2126 to-

424 2159 553 2239 lnerit,
580 2182 652 2250 quo
676 2156 847 2227 salietur?
898 2160 953 2226 Ad
978 2152 1069 2226 nihil
1091 2157 1187 2226 valet
1209 2158 1323 2239 ultra,
1349 2157 1419 2227 nisi
1470 2170 1545 2223 tum
1571 2178 1700 2245 corpus
1722 2167 1822 2223 tunm
1847 2154 2058 2224 coniiciatur
2073 2154 2110 2221 in
2133 2150 2343 2245 gebennam.
2396 2157 2461 2225 Di-

426 2275 465 2329 ut
489 2260 699 2351 proiiciatnr
721 2261 818 2328 foras
841 2273 876 2330 et
897 2261 1123 2331 conculcetur
1141 2261 1185 2326 ab
1199 2255 1418 2329 bominibus.
1470 2271 1565 2327 ctum
1585 2268 1637 2327 est
1653 2269 1793 2325 autem:
1823 2256 2038 2350 Quicunque
2052 2258 2296 2347 repudiaverit
2310 2283 2458 2329 uxorem

327 2390 333 2403 ¹
425 2361 501 2433 Vos
525 2363 608 2432 estis
629 2362 689 2430 lux
711 2363 848 2432 nmndi.
900 2362 984 2432 Non
1007 2375 1124 2453 potest
1148 2363 1321 2453 oppidum
1340 2363 1419 2431 abs·
1469 2385 1591 2441 suam,
1618 2361 1679 2426 det
1695 2358 1747 2425 illi
1764 2358 1921 2427 libellum
1941 2359 2099 2427 divortii.
2150 2358 2199 2428 At
2216 2384 2281 2450 ego
2300 2361 2380 2429 dico
2397 2385 2460 2429 vo-

425 2466 532 2534 condi
563 2488 669 2554 supra
701 2478 861 2531 montem
892 2465 1020 2548 situm,
1066 2488 1182 2557 neque
1220 2466 1420 2534 accendunt
1469 2464 1542 2545 bis,
1575 2463 1672 2556 quod
1703 2461 1864 2555 quisquis
1896 2461 2145 2561 repudiaverit.
2167 2486 2317 2555 prorem
2345 2487 2462 2547 suam,

426 2569 631 2647 lucernam,
665 2579 700 2650 et
720 2579 860 2656 ponunt
884 2566 980 2633 illam
1003 2568 1125 2636 subter
1147 2568 1329 2652 modium,
1356 2568 1419 2636 sed
1469 2566 1540 2639 nisi
1561 2587 1666 2635 causa
1689 2562 1824 2653 stupri,
1851 2564 1991 2647 efficit,
2007 2575 2047 2635 ut
2068 2563 2128 2633 illa
2148 2563 2195 2635 sit
2215 2564 2399 2649 adultera,
2427 2577 2464 2635 et

426 2693 534 2761 snper
558 2669 832 2751 candelabrum,
866 2681 901 2737 et
920 2670 1012 2738 lucet
1036 2668 1222 2750 omnihus,
1250 2668 1420 2762 quisunt
1470 2667 1674 2763 quicunque
1698 2665 1923 2757 repudiatam
1947 2665 2105 2748 duxerit,
2129 2666 2341 2737 adulterium
2362 2690 2463 2735 com·

352 2828 355 2835 .
427 2774 466 2840 in
481 2773 603 2840 domo.
652 2771 709 2840 Sic
727 2772 842 2840 luceat
856 2772 915 2839 lux
929 2782 1043 2840 vestra
1061 2796 1181 2839 coram
1199 2767 1419 2852 bominibus,
1469 2769 1591 2841 mittit.
1625 2766 1784 2839 Rursum
1802 2768 1963 2853 audistis,
1985 2771 2082 2863 qnod
2099 2768 2231 2839 dictum
2244 2767 2463 2841 fucritanti-

406 2875 467 2944 ¹ut
488 2875 632 2941 videant
654 2887 769 2942 vestra
793 2875 888 2941 bona
909 2896 1041 2963 opera,
1073 2874 1339 2966 glorificentqne
1357 2896 1419 2963 pa·
1470 2871 1569 2966 quis:
1611 2870 1916 2965 Nonpeierabis,
1950 2872 2012 2941 scd
2031 2871 2213 2963 persolves
2232 2871 2382 2940 domino
2406 2895 2465 2957 ea,

427 2991 517 3045 trem
543 2988 720 3057 vestrum,
748 2975 809 3067 qni
835 2986 888 3043 est
906 2975 942 3041 in
960 2975 1079 3044 coelis.
1130 2975 1184 3047 Ne
1200 2974 1419 3057 existimetis,
1470 2998 1563 3069 qnae
1582 2973 1781 3069 ,iuraveris
1845 2972 1895 3041 At
1916 2996 1981 3063 ego
2004 2973 2084 3043 dico
2109 2974 2228 3046 vobis:
2261 2972 2316 3045 Ne
2337 2972 2464 3045 iuretis

427 3083 524 3171 qnod
541 3075 699 3143 venerim
721 3077 767 3143 sd
784 3078 1033 3145 destruendam
1050 3077 1163 3167 legem
1182 3072 1419 3168 aut-propbe—
1470 3060 1653 3169 omnino,
1678 3099 1795 3171 neque
1826 3099 1891 3169 per
1914 3077 2073 3159 coelum,
2107 3076 2190 3171 qnia
2215 3070 2370 3159 thronus
2392 3072 2464 3147 Dei

427 3194 499 3258 tas,
533 3180 606 3245 imo
632 3201 705 3245 non
728 3178 830 3259 veni,
866 3192 906 3246 nt
928 3179 1131 3262 destruam,
1163 3181 1224 3249 sed
1252 3191 1293 3248 ut
1322 3203 1419 3247 com·
1470 3190 1541 3261 est,
1572 3202 1688 3272 neque
1710 3202 1775 3269 per
1798 3190 1952 3265 terram,
1987 3181 2070 3273 quia
2093 3178 2298 3249 subsellium
2322 3189 2376 3249 est
2399 3200 2462 3271 pe-¹

427 3282 558 3373 pleam.
583 3281 699 3347 Amen
716 3280 849 3375 quippe
864 3281 944 3350 dieo
958 3282 1073 3364 vobis,
1089 3284 1203 3351 donec
1216 3293 1420 3374 praetereat
1470 3283 1557 3352 dum
1591 3280 1705 3366 illius,
1744 3304 1861 3376 neque
1890 3290 1955 3374 per
1982 3279 2256 3375 Hierosolyma,
2288 3279 2461 3376 quoniam

427 3382 565 3453 coelum
592 3395 627 3452 et
648 3397 761 3466 terra,
787 3385 859 3452 iota
881 3407 994 3453 unum
1020 3395 1082 3453 aut
1107 3408 1196 3476 apex
1218 3408 1291 3453 non
1316 3409 1419 3475 prae·
1470 3383 1594 3454 civitas
1620 3397 1673 3455 est
1703 3385 1823 3476 magni
1854 3384 1967 3478 regis,
2000 3408 2117 3480 neque
2139 3409 2204 3478 per
2229 3397 2337 3476 caput
2356 3395 2462 3454 tuum

426 3487 564 3556 terierit
579 3510 620 3554 ex
637 3487 724 3576 lege,
752 3488 870 3579 quoad
887 3487 1009 3557 omnia
1024 3488 1115 3555 facta
1132 3488 1276 3556 fuerint.
1310 3487 1420 3579 Quis-
1470 3486 1625 3570 iurabis,
1654 3499 1844 3579 propterea
1870 3488 1969 3581 qnod
1992 3511 2068 3556 non
2090 3501 2192 3580 potes
2213 3511 2326 3559 unum
2345 3485 2462 3578 pilum

426 3590 507 3683 quis
528 3588 637 3678 igitur
658 3589 805 3658 solverit
823 3613 933 3658 unum
954 3612 996 3657 ex
1011 3589 1190 3660 mandatis
1205 3586 1300 3659 hisce
1314 3591 1418 3658 mini-
1470 3589 1591 3657 album
1614 3602 1677 3658 aut
1700 3589 1844 3680 nigrum
1862 3589 1994 3671 lacerer
2025 3591 2089 3660 sed
2105 3589 2175 3660 erit
2190 3613 2309 3660 sermo
2327 3601 2462 3660 vester:

426 3693 515 3773 mis,
541 3704 577 3758 et
594 3693 757 3760 docuerit
771 3692 821 3761 sic
834 3688 1018 3773 homines,
1043 3692 1216 3763 minimus
1231 3693 1419 3762 vocabitur
1469 3702 1602 3773 estest,
1626 3714 1702 3760 non
1717 3713 1803 3762 non.
1839 3690 1955 3760 Porro
1972 3693 2068 3786 quod
2087 3692 2180 3762 ultra
2193 3688 2284 3762 haec
2297 3689 2463 3783 adiungi-

426 3796 464 3872 in
487 3817 599 3883 regno
617 3793 818 3872 coelorum;
846 3795 1007 3887 quisquis
1030 3808 1149 3863 autem
1167 3795 1291 3864 iecerit
1306 3810 1340 3863 et
1354 3797 1418 3864 do-
1469 3806 1541 3878 tur,
1566 3817 1608 3862 cx
1624 3793 1720 3862 malo
1737 3795 1984 3885 proficiscitur.
2017 3795 2190 3879 Audistis,
2213 3797 2310 3891 qnod
2325 3794 2464 3894 dictum

427 3896 561 3977 cuerit,
585 3889 644 3962 hic
664 3919 816 3986 magnus
836 3897 1024 3966 vocabitur
1040 3897 1077 3964 in
1096 3921 1206 3988 regno
1223 3899 1417 3970 coelorum.
1468 3896 1592 3966 fuerit:
1621 3897 1763 3966 oculum
1786 3921 1852 3987 pro
1875 3897 2000 3980 oculo,
2026 3911 2062 3967 et
2083 3901 2225 3968 dentem
2252 3922 2318 3989 pro
2342 3897 2464 3970 dente.

359 4037 361 4043 ·
426 3995 518 4068 Dico
539 3998 634 4065 enim
654 3997 773 4067 vobis:
799 3997 879 4070 Nisi
896 4000 1133 4068 abundaverit
1149 4013 1264 4069 vestra
1283 4001 1416 4071 iustitia
1468 4001 1516 4069 At
1531 4023 1597 4092 ego
1618 3999 1704 4069 dico.
1721 3999 1839 4070 vobis:
1874 3999 1928 4071 Ne
1950 3999 2121 4071 resistatis
2140 3999 2259 4086 malo,
2284 4001 2346 4071 sed
2364 3999 2466 4093 quis-

427 4102 506 4193 plus
520 4124 628 4195 quam
645 4101 844 4171 scribarum
861 4113 896 4170 et
909 4096 1195 4193 pharisaeorum,
1217 4127 1291 4172 non
1305 4104 1418 4195 possi-
1469 4101 1550 4196 quis
1573 4101 1762 4193 impegerit
1785 4102 1925 4196 alapam
1951 4103 1990 4170 in
2010 4105 2193 4172 dexteram
2212 4118 2312 4172 tuam
2335 4102 2465 4172 maxil-

426 4206 472 4275 tis
491 4204 631 4294 ingredi
651 4204 690 4272 in
704 4225 855 4295 regnum
875 4205 1070 4292 coelorum.
1114 4206 1293 4289 Audistis,
1319 4209 1418 4299 qnod
1468 4205 1564 4287 lam,
1589 4207 1735 4275 obverte
1757 4203 1811 4272 illi
1832 4219 1867 4274 et
1891 4205 2060 4288 alteram,
2094 4218 2130 4274 et
2153 4206 2205 4290 ei,
2231 4205 2294 4301 qui
2318 4218 2352 4274 te
2375 4203 2467 4276 velit

424 4307 558 4376 dictem
583 4308 630 4378 sit
649 4308 846 4378 veteribus:
883 4308 968 4380 Non
988 4309 1146 4387 occides;
1174 4309 1334 4402 quisquis
1356 4333 1418 4378 au·
1470 4307 1576 4380 iuius
1591 4303 1754 4392 trabere,
1778 4331 1819 4376 ac
1832 4308 1989 4378 tunicam
2007 4322 2105 4378 tuam
2122 4310 2267 4391 tollere,
2293 4307 2465 4401 permitte

343 4478 345 4481 ,
425 4423 496 4479 tem
514 4410 703 4492 occiderit,
730 4411 906 4481 obnoxius
920 4411 989 4479 erit
1001 4411 1146 4481 iudicio.
1196 4409 1244 4480 At
1257 4435 1322 4502 ego
1336 4412 1417 4482 dico
1469 4410 1521 4478 illi
1547 4422 1583 4479 et
1605 4409 1776 4502 pallium,
1809 4423 1845 4480 et
1866 4413 1929 4506 qui
1953 4425 1988 4480 te
2009 4411 2168 4503 adegerit
2194 4411 2239 4480 ad
2264 4409 2465 4480 miliarium

425 4512 546 4595 vobis,
573 4515 671 4607 quod
695 4514 856 4608 quisquis
881 4513 1047 4634 irascitpr
1069 4514 1254 4586 barrisno
1272 4529 1418 4598 temere,
1469 4537 1602 4595 unum,
1629 4514 1727 4584 abito
1750 4537 1829 4582 cum
1853 4515 1916 4582 illo
1937 4517 2022 4586 duo.
2073 4513 2215 4584 Petenti
2231 4516 2294 4586 abs
2310 4527 2344 4582 te
2363 4515 2466 4600 dato,

427 4611 602 4685 obnoxius
635 4611 716 4683 erit
735 4615 881 4688 iudicio.
940 4615 1155 4712 Quicunque
1181 4642 1266 4686 vero
1289 4619 1418 4688 dixerit
1469 4629 1504 4685 et
1537 4615 1738 4708 cupientem
1772 4629 1937 4704 mutuum
1972 4617 2152 4709 accipere,
2196 4640 2242 4686 nc
2276 4615 2465 4690 averseris.

424 4716 529 4786 fratri
549 4743 614 4788 suo
637 4713 764 4800 racha,
796 4719 972 4789 obnoxius
996 4722 1064 4788 erit
1086 4721 1249 4792 concilio.
1312 4721 1418 4814 Quis·
1467 4720 1648 4801 Audistis,
1686 4721 1784 4814 quod
1815 4721 1949 4791 dictum
1981 4721 2045 4789 sit:
2087 4717 2223 4809 Diliges
2254 4719 2463 4812 proximum

425 4818 505 4913 quis
524 4834 641 4891 autern
658 4822 789 4890 dixerit
803 4823 917 4904 fatue,
944 4823 1119 4894 obnoxius
1143 4825 1213 4893 erit
1234 4820 1417 4916 gehennae
1469 4835 1591 4904 tuum,
1617 4834 1652 4890 et
1673 4821 1758 4890 odio
1783 4817 1931 4892 habebis
1954 4821 2137 4891 inimicum
2163 4836 2277 4894 tuum.
2329 4821 2378 4890 At
2393 4845 2465 4912 ego

424 4922 604 4994 incendio.
663 4922 788 5018 ltaque
818 4925 848 5000 sl
879 4925 1051 4995 obtuleris
1081 4951 1211 4997 munus
1240 4940 1347 4997 tunm·
1372 4930 1418 4997 ad
1468 4924 1549 4993 dico
1575 4924 1693 4994 vobis:
1729 4923 1876 5016 Diligite
1898 4925 2062 4993 inimicos
2084 4937 2239 5011 vestros,
2269 4926 2360 4994 bene
2380 4947 2466 5016 pre·

424 5047 546 5111 aram,
573 5037 609 5094 et
629 5027 702 5094 illic
716 5030 925 5099 recordatus
940 5029 1068 5111 fueris,
1096 5031 1194 5121 quod
1210 5031 1321 5098 frater
1336 5043 1418 5101 tuus
1470 5028 1600 5096 cemini
1619 5028 1877 5099 devoventibus
1896 5051 1980 5109 vos,
2005 5027 2203 5096 benefacite
2225 5028 2287 5111 iis,
2315 5025 2464 5120 quivos

424 5123 534 5197 habet
557 5127 692 5222 aliquid
718 5131 907 5203 adversum
932 5143 986 5214 te,
1012 5131 1176 5224 relinque
1198 5132 1270 5201 illic
1288 5159 1418 5205 munus
1469 5130 1554 5200 odio
1578 5144 1861 5225 persequuntur,
1888 5144 1989 5200 orate
2013 5155 2081 5221 pro
2097 5130 2160 5213 iis,
2186 5131 2248 5223 qui
2262 5131 2413 5200 laedunt
2428 5142 2464 5199 et

423 5245 526 5302 tuum
558 5255 678 5301 eoram
707 5233 831 5318 altari,
869 5246 903 5303 et
933 5234 1013 5317 abi,
1046 5234 1145 5326 prius
1176 5231 1419 5309 reconcilieris
1468 5234 1689 5303 insectantur
1710 5259 1794 5317 vos,
1819 5247 1860 5303 ut
1879 5233 1955 5304 sitis
1968 5234 2033 5302 filii
2050 5234 2162 5326 patris
2179 5234 2307 5316 vestri,
2332 5231 2397 5328 qui
2410 5243 2465 5303 est

422 5334 509 5403 fatri
523 5347 605 5419 tuo,
631 5348 667 5404 et
680 5349 756 5405 tum
776 5337 924 5408 veniens
940 5335 1031 5406 offer
1046 5361 1176 5408 munus
1193 5352 1306 5412 tuum.
1345 5340 1417 5409 Ha·
1465 5338 1507 5414 in
1540 5337 1668 5419 coelis,
1703 5336 1786 5430 quia
1820 5338 1931 5408 solem
1956 5361 2061 5407 snum
2087 5337 2220 5406 exoriri
2240 5337 2327 5408 sinit
2353 5358 2462 5427 super

423 5438 507 5506 beto
522 5439 807 5509 benevolentiam
826 5464 906 5508 cum
924 5441 1130 5510 adversario
1146 5455 1208 5512 tuo
1225 5444 1308 5527 cito,
1330 5445 1416 5513 dum
1467 5439 1583 5510 malos
1609 5462 1651 5507 ac
1671 5439 1808 5522 bonos,
1842 5452 1877 5508 et
1900 5439 2058 5530 pluviam
2083 5439 2195 5508 mittit
2216 5462 2325 5532 super
2350 5439 2464 5510 iustos

423 5565 461 5611 es
482 5542 520 5608 in
543 5544 599 5609 via
624 5567 704 5611 cum
729 5544 813 5624 illo,
840 5567 885 5612 ne
903 5545 1047 5638 quando
1062 5557 1097 5612 te
1113 5548 1233 5615 tradat
1249 5548 1418 5617 adversa·
1468 5553 1504 5610 et
1529 5541 1693 5612 iniustos.
1725 5541 1818 5613 Nam
1840 5544 1871 5612 si
1891 5543 2085 5613 dilexeritis
2108 5566 2190 5626 eos,
2222 5544 2286 5636 qui
2307 5541 2466 5632 diligunt

420 5645 422 5649 ’
1466 5668 1549 5727 vos,
1576 5646 1672 5737 quod
1697 5647 1897 5736 praemium
1919 5641 2095 5727 habetis?¹
2131 5645 2262 5715 Nonne
2278 5643 2472 5737 publicani,

457 5774 488 5838 4)
508 5780 624 5838 probra]
643 5776 692 5828 nu.
714 5776 789 5825 rsao.
808 5789 967 5840 perperam:
992 5781 1077 5830 troas
1466 5747 1561 5816 idem
1585 5747 1745 5818 faciunt?
1796 5748 1905 5820 Eritis
1930 5748 2039 5839 igitur
2060 5772 2124 5819 vos
2146 5751 2311 5839 perlecti,
2336 5772 2465 5842 quem-
