<?xml version="1.0" encoding="UTF-8"?>
<!DOCTYPE html PUBLIC "-//W3C//DTD XHTML 1.0 Transitional//EN"
    "http://www.w3.org/TR/xhtml1/DTD/xhtml1-transitional.dtd">
<html xmlns="http://www.w3.org/1999/xhtml" xml:lang="en" lang="en">
 <head>
  <title>
</title>
<meta http-equiv="Content-Type" content="text/html;charset=utf-8" />
  <meta name='ocr-system' content='tesseract 3.04.00' />
  <meta name='ocr-capabilities' content='ocr_page ocr_carea ocr_par ocr_line ocrx_word'/>
</head>
<body>
  <div class='ocr_page' id='page_1' title='image "./philippimelanth22melagoog/philippimelanth22melagoog_0373.png"; bbox 0 0 5534 6700; ppageno 0'>
   <div class='ocr_carea' id='block_1_1' title="bbox 302 626 377 704">
    <p class='ocr_par' dir='ltr' id='par_1_1' title="bbox 302 626 377 704">
     <span class='ocr_line' id='line_1_1' title="bbox 302 626 377 704; baseline -0.04 -2"><span class='ocrx_word' id='word_1_1' title='bbox 302 626 377 704; x_wconf 74' lang='lat'>729</span> 
     </span>
    </p>
   </div>
   <div class='ocr_carea' id='block_1_2' title="bbox 301 788 1298 2515">
    <p class='ocr_par' dir='ltr' id='par_1_2' title="bbox 301 788 1297 2110">
     <span class='ocr_line' id='line_1_2' title="bbox 302 788 1297 888; baseline -0.014 -20"><span class='ocrx_word' id='word_1_2' title='bbox 302 811 444 880; x_wconf 86' lang='lat' dir='ltr'>autem,</span> <span class='ocrx_word' id='word_1_3' title='bbox 469 795 509 865; x_wconf 89' lang='lat' dir='ltr'>in</span> <span class='ocrx_word' id='word_1_4' title='bbox 531 794 661 888; x_wconf 87' lang='lat' dir='ltr'>quibus</span> <span class='ocrx_word' id='word_1_5' title='bbox 683 791 799 862; x_wconf 90' lang='lat' dir='ltr'>linitio</span> <span class='ocrx_word' id='word_1_6' title='bbox 813 815 893 861; x_wconf 91' lang='lat' dir='ltr'>cum</span> <span class='ocrx_word' id='word_1_7' title='bbox 910 789 1013 860; x_wconf 87' lang='lat' dir='ltr'>linito</span> <span class='ocrx_word' id='word_1_8' title='bbox 1029 788 1208 880; x_wconf 88' lang='lat' dir='ltr'>iungitur,</span> <span class='ocrx_word' id='word_1_9' title='bbox 1235 797 1297 856; x_wconf 92' lang='lat' dir='ltr'>aut</span> 
     </span>
     <span class='ocr_line' id='line_1_3' title="bbox 301 889 1296 989; baseline -0.014 -19"><span class='ocrx_word' id='word_1_10' title='bbox 301 897 477 970; x_wconf 89' lang='lat' dir='ltr'>linitionis</span> <span class='ocrx_word' id='word_1_11' title='bbox 491 922 596 989; x_wconf 90' lang='lat' dir='ltr'>pars,</span> <span class='ocrx_word' id='word_1_12' title='bbox 623 907 686 964; x_wconf 88' lang='lat' dir='ltr'>aut</span> <span class='ocrx_word' id='word_1_13' title='bbox 701 893 888 986; x_wconf 91' lang='lat' dir='ltr'>proprium</span> <span class='ocrx_word' id='word_1_14' title='bbox 908 894 952 961; x_wconf 89' lang='lat' dir='ltr'>de</span> <span class='ocrx_word' id='word_1_15' title='bbox 972 891 1131 963; x_wconf 82' lang='lat' dir='ltr'>subiecto</span> <span class='ocrx_word' id='word_1_16' title='bbox 1152 889 1296 972; x_wconf 92' lang='lat' dir='ltr'>dicitur,</span> 
     </span>
     <span class='ocr_line' id='line_1_4' title="bbox 302 990 1296 1083; baseline -0.013 -10"><span class='ocrx_word' id='word_1_17' title='bbox 302 1015 345 1073; x_wconf 93' lang='lat' dir='ltr'>ut</span> <span class='ocrx_word' id='word_1_18' title='bbox 364 997 476 1072; x_wconf 92' lang='lat' dir='ltr'>bomo</span> <span class='ocrx_word' id='word_1_19' title='bbox 503 1011 556 1070; x_wconf 90' lang='grc' dir='ltr'>εει</span> <span class='ocrx_word' id='word_1_20' title='bbox 581 997 717 1067; x_wconf 89' lang='lat' dir='ltr'>animal</span> <span class='ocrx_word' id='word_1_21' title='bbox 742 995 1000 1077; x_wconf 90' lang='lat' dir='ltr'>intellectuale,</span> <span class='ocrx_word' id='word_1_22' title='bbox 1039 990 1151 1062; x_wconf 91' lang='lat' dir='ltr'>homo</span> <span class='ocrx_word' id='word_1_23' title='bbox 1178 1002 1296 1083; x_wconf 88' lang='lat' dir='ltr'>potest</span> 
     </span>
     <span class='ocr_line' id='line_1_5' title="bbox 302 1092 1295 1198; baseline -0.014 -25"><span class='ocrx_word' id='word_1_24' title='bbox 302 1103 417 1198; x_wconf 89' lang='lat' dir='ltr'>loqui.</span> <span class='ocrx_word' id='word_1_25' title='bbox 466 1101 654 1195; x_wconf 77' lang='lat' dir='ltr'><strong>Quaedam</strong></span> <span class='ocrx_word' id='word_1_26' title='bbox 687 1110 771 1169; x_wconf 91' lang='lat' dir='ltr'>sunt</span> <span class='ocrx_word' id='word_1_27' title='bbox 804 1096 1068 1188; x_wconf 82' lang='lat' dir='ltr'>contingentia,</span> <span class='ocrx_word' id='word_1_28' title='bbox 1107 1117 1199 1189; x_wconf 89' lang='lat' dir='ltr'>quae</span> <span class='ocrx_word' id='word_1_29' title='bbox 1230 1092 1295 1161; x_wconf 91' lang='lat' dir='ltr'>ali-</span> 
     </span>
     <span class='ocr_line' id='line_1_6' title="bbox 304 1194 1296 1301; baseline -0.015 -26"><span class='ocrx_word' id='word_1_30' title='bbox 304 1207 451 1301; x_wconf 88' lang='lat' dir='ltr'>quando</span> <span class='ocrx_word' id='word_1_31' title='bbox 467 1228 542 1274; x_wconf 87' lang='lat' dir='ltr'>esse</span> <span class='ocrx_word' id='word_1_32' title='bbox 556 1202 645 1272; x_wconf 81' lang='lat' dir='ltr'>falsa</span> <span class='ocrx_word' id='word_1_33' title='bbox 663 1212 825 1293; x_wconf 75' lang='lat' dir='ltr'>possunt.</span> <span class='ocrx_word' id='word_1_34' title='bbox 876 1198 969 1269; x_wconf 90' lang='lat' dir='ltr'>Sunt</span> <span class='ocrx_word' id='word_1_35' title='bbox 990 1210 1129 1280; x_wconf 87' lang='lat' dir='ltr'>autem,</span> <span class='ocrx_word' id='word_1_36' title='bbox 1155 1195 1193 1263; x_wconf 92' lang='lat' dir='ltr'>in</span> <span class='ocrx_word' id='word_1_37' title='bbox 1217 1194 1296 1288; x_wconf 90' lang='lat' dir='ltr'>qui-</span> 
     </span>
     <span class='ocr_line' id='line_1_7' title="bbox 304 1298 1295 1383; baseline -0.013 -6"><span class='ocrx_word' id='word_1_38' title='bbox 304 1310 372 1379; x_wconf 87' lang='lat' dir='ltr'>bus</span> <span class='ocrx_word' id='word_1_39' title='bbox 386 1308 431 1379; x_wconf 90' lang='lat' dir='ltr'>dc</span> <span class='ocrx_word' id='word_1_40' title='bbox 449 1303 656 1377; x_wconf 69' lang='lat' dir='ltr'>substantiis</span> <span class='ocrx_word' id='word_1_41' title='bbox 671 1302 865 1373; x_wconf 84' lang='lat' dir='ltr'>accidentia</span> <span class='ocrx_word' id='word_1_42' title='bbox 880 1301 1067 1383; x_wconf 89' lang='lat' dir='ltr'>dicuntur,</span> <span class='ocrx_word' id='word_1_43' title='bbox 1093 1310 1156 1368; x_wconf 89' lang='lat' dir='ltr'>aut</span> <span class='ocrx_word' id='word_1_44' title='bbox 1177 1298 1221 1366; x_wconf 90' lang='lat' dir='ltr'>de</span> <span class='ocrx_word' id='word_1_45' title='bbox 1237 1320 1295 1365; x_wconf 89' lang='lat' dir='ltr'>ac·</span> 
     </span>
     <span class='ocr_line' id='line_1_8' title="bbox 305 1393 1295 1491; baseline -0.011 -13"><span class='ocrx_word' id='word_1_46' title='bbox 305 1409 523 1490; x_wconf 91' lang='lat' dir='ltr'>cideutibus,</span> <span class='ocrx_word' id='word_1_47' title='bbox 548 1405 764 1488; x_wconf 85' lang='lat' dir='ltr'>accidentia,</span> <span class='ocrx_word' id='word_1_48' title='bbox 791 1401 1033 1473; x_wconf 82' lang='lat' dir='ltr'>utCiceroest</span> <span class='ocrx_word' id='word_1_49' title='bbox 1046 1393 1295 1491; x_wconf 83' lang='lat' dir='ltr'>philosophus,</span> 
     </span>
     <span class='ocr_line' id='line_1_9' title="bbox 305 1500 1296 1601; baseline -0.011 -21"><span class='ocrx_word' id='word_1_50' title='bbox 305 1513 427 1581; x_wconf 92' lang='lat' dir='ltr'>album</span> <span class='ocrx_word' id='word_1_51' title='bbox 444 1522 497 1580; x_wconf 92' lang='grc' dir='ltr'>εει</span> <span class='ocrx_word' id='word_1_52' title='bbox 512 1508 627 1593; x_wconf 82' lang='lat' dir='ltr'>dulce.</span> <span class='ocrx_word' id='word_1_53' title='bbox 677 1506 796 1601; x_wconf 80' lang='lat' dir='ltr'>Atque</span> <span class='ocrx_word' id='word_1_54' title='bbox 808 1502 898 1575; x_wconf 89' lang='lat' dir='ltr'>baec</span> <span class='ocrx_word' id='word_1_55' title='bbox 909 1503 1063 1574; x_wconf 87' lang='lat' dir='ltr'>lormula</span> <span class='ocrx_word' id='word_1_56' title='bbox 1082 1500 1296 1593; x_wconf 88' lang='lat' dir='ltr'>pronuntia·</span> 
     </span>
     <span class='ocr_line' id='line_1_10' title="bbox 305 1602 1296 1704; baseline -0.011 -21"><span class='ocrx_word' id='word_1_57' title='bbox 305 1629 426 1684; x_wconf 89' lang='lat' dir='ltr'>torum</span> <span class='ocrx_word' id='word_1_58' title='bbox 457 1611 648 1704; x_wconf 89' lang='lat' dir='ltr'>spectanda</span> <span class='ocrx_word' id='word_1_59' title='bbox 681 1609 870 1700; x_wconf 87' lang='lat' dir='ltr'>diligenter</span> <span class='ocrx_word' id='word_1_60' title='bbox 898 1619 969 1690; x_wconf 90' lang='lat' dir='ltr'>est,</span> <span class='ocrx_word' id='word_1_61' title='bbox 1014 1605 1053 1674; x_wconf 93' lang='lat' dir='ltr'>in</span> <span class='ocrx_word' id='word_1_62' title='bbox 1083 1602 1296 1686; x_wconf 86' lang='lat' dir='ltr'>iudicandis,</span> 
     </span>
     <span class='ocr_line' id='line_1_11' title="bbox 306 1706 1295 1803; baseline -0.011 -17"><span class='ocrx_word' id='word_1_63' title='bbox 306 1740 397 1787; x_wconf 26' lang='lat' dir='ltr'>cum.</span> <span class='ocrx_word' id='word_1_64' title='bbox 419 1713 570 1785; x_wconf 88' lang='lat' dir='ltr'>statibus</span> <span class='ocrx_word' id='word_1_65' title='bbox 601 1710 916 1803; x_wconf 79' lang='lat' dir='ltr'>disceptationum,</span> <span class='ocrx_word' id='word_1_66' title='bbox 957 1721 1033 1778; x_wconf 90' lang='lat' dir='ltr'>tum</span> <span class='ocrx_word' id='word_1_67' title='bbox 1063 1706 1295 1799; x_wconf 74' lang='lat' dir='ltr'>argumentis,</span> 
     </span>
     <span class='ocr_line' id='line_1_12' title="bbox 307 1809 1295 1910; baseline -0.013 -23"><span class='ocrx_word' id='word_1_68' title='bbox 307 1840 401 1910; x_wconf 80' lang='lat' dir='ltr'>quae</span> <span class='ocrx_word' id='word_1_69' title='bbox 422 1813 641 1896; x_wconf 87' lang='lat' dir='ltr'>necessaria,</span> <span class='ocrx_word' id='word_1_70' title='bbox 666 1835 758 1906; x_wconf 84' lang='lat' dir='ltr'>quae</span> <span class='ocrx_word' id='word_1_71' title='bbox 780 1810 1022 1902; x_wconf 81' lang='lat' dir='ltr'>contingentia</span> <span class='ocrx_word' id='word_1_72' title='bbox 1043 1809 1126 1880; x_wconf 86' lang='lat' dir='ltr'>sint.</span> <span class='ocrx_word' id='word_1_73' title='bbox 1176 1809 1295 1901; x_wconf 78' lang='lat' dir='ltr'>Atque</span> 
     </span>
     <span class='ocr_line' id='line_1_13' title="bbox 306 1907 1296 2009; baseline -0.013 -21"><span class='ocrx_word' id='word_1_74' title='bbox 306 1915 367 1988; x_wconf 88' lang='lat' dir='ltr'>bic</span> <span class='ocrx_word' id='word_1_75' title='bbox 389 1918 511 2000; x_wconf 86' lang='lat' dir='ltr'>vides,</span> <span class='ocrx_word' id='word_1_76' title='bbox 543 1915 637 2009; x_wconf 64' lang='lat' dir='ltr'>quid.</span> <span class='ocrx_word' id='word_1_77' title='bbox 658 1915 819 1995; x_wconf 78' lang='lat' dir='ltr'>¹conferat</span> <span class='ocrx_word' id='word_1_78' title='bbox 843 1913 938 1982; x_wconf 91' lang='lat' dir='ltr'>ratio</span> <span class='ocrx_word' id='word_1_79' title='bbox 964 1911 1123 2003; x_wconf 89' lang='lat' dir='ltr'>generis,</span> <span class='ocrx_word' id='word_1_80' title='bbox 1153 1907 1296 2002; x_wconf 89' lang='lat' dir='ltr'>speciei,</span> 
     </span>
     <span class='ocr_line' id='line_1_14' title="bbox 306 2011 1179 2110; baseline -0.007 -22"><span class='ocrx_word' id='word_1_81' title='bbox 306 2017 505 2103; x_wconf 74' lang='lat' dir='ltr'>individui,</span> <span class='ocrx_word' id='word_1_82' title='bbox 531 2029 567 2098; x_wconf 90' lang='lat' dir='ltr'>et</span> <span class='ocrx_word' id='word_1_83' title='bbox 581 2015 755 2100; x_wconf 89' lang='lat' dir='ltr'>aliorum,</span> <span class='ocrx_word' id='word_1_84' title='bbox 782 2040 874 2110; x_wconf 90' lang='lat' dir='ltr'>quae</span> <span class='ocrx_word' id='word_1_85' title='bbox 890 2039 997 2106; x_wconf 88' lang='lat' dir='ltr'>supra</span> <span class='ocrx_word' id='word_1_86' title='bbox 1014 2011 1179 2084; x_wconf 79' lang='lat' dir='ltr'>tractavi.</span> 
     </span>
    </p>

    <p class='ocr_par' dir='ltr' id='par_1_3' title="bbox 308 2113 1298 2515">
     <span class='ocr_line' id='line_1_15' title="bbox 309 2113 1297 2210; baseline -0.012 -18"><span class='ocrx_word' id='word_1_87' title='bbox 309 2184 315 2198; x_wconf 91' lang='grc'><em>,</em></span> <span class='ocrx_word' id='word_1_88' title='bbox 378 2183 382 2195; x_wconf 84' lang='grc'>,</span> <span class='ocrx_word' id='word_1_89' title='bbox 408 2117 484 2191; x_wconf 86' lang='lat' dir='ltr'>lam</span> <span class='ocrx_word' id='word_1_90' title='bbox 503 2120 542 2187; x_wconf 92' lang='lat' dir='ltr'>in</span> <span class='ocrx_word' id='word_1_91' title='bbox 564 2113 632 2187; x_wconf 92' lang='lat' dir='ltr'>hac</span> <span class='ocrx_word' id='word_1_92' title='bbox 656 2118 973 2210; x_wconf 86' lang='lat' dir='ltr'>pronuntiaturum</span> <span class='ocrx_word' id='word_1_93' title='bbox 993 2117 1109 2186; x_wconf 85' lang='lat' dir='ltr'>forma</span> <span class='ocrx_word' id='word_1_94' title='bbox 1134 2115 1297 2196; x_wconf 87' lang='lat' dir='ltr'>observa,</span> 
     </span>
     <span class='ocr_line' id='line_1_16' title="bbox 308 2214 1297 2316; baseline -0.011 -24"><span class='ocrx_word' id='word_1_95' title='bbox 308 2223 407 2316; x_wconf 93' lang='lat' dir='ltr'>quod</span> <span class='ocrx_word' id='word_1_96' title='bbox 428 2220 621 2291; x_wconf 90' lang='lat' dir='ltr'>accidentia</span> <span class='ocrx_word' id='word_1_97' title='bbox 645 2219 811 2297; x_wconf 86' lang='lat' dir='ltr'>bilariam</span> <span class='ocrx_word' id='word_1_98' title='bbox 832 2221 1049 2303; x_wconf 85' lang='lat' dir='ltr'>efferuntur,</span> <span class='ocrx_word' id='word_1_99' title='bbox 1076 2230 1139 2287; x_wconf 90' lang='lat' dir='ltr'>aut</span> <span class='ocrx_word' id='word_1_100' title='bbox 1161 2214 1297 2307; x_wconf 91' lang='lat' dir='ltr'>simpli-</span> 
     </span>
     <span class='ocr_line' id='line_1_17' title="bbox 309 2317 1298 2412; baseline -0.009 -20"><span class='ocrx_word' id='word_1_101' title='bbox 309 2325 415 2406; x_wconf 91' lang='lat' dir='ltr'>citer,</span> <span class='ocrx_word' id='word_1_102' title='bbox 448 2348 528 2392; x_wconf 91' lang='lat' dir='ltr'>cum</span> <span class='ocrx_word' id='word_1_103' title='bbox 551 2323 685 2391; x_wconf 87' lang='lat' dir='ltr'>lormas</span> <span class='ocrx_word' id='word_1_104' title='bbox 704 2334 843 2391; x_wconf 87' lang='lat' dir='ltr'>tanturn</span> <span class='ocrx_word' id='word_1_105' title='bbox 866 2321 1087 2412; x_wconf 87' lang='lat' dir='ltr'>significant,</span> <span class='ocrx_word' id='word_1_106' title='bbox 1124 2331 1165 2389; x_wconf 92' lang='lat' dir='ltr'>ut</span> <span class='ocrx_word' id='word_1_107' title='bbox 1186 2317 1298 2397; x_wconf 87' lang='lat' dir='ltr'>color,</span> 
     </span>
     <span class='ocr_line' id='line_1_18' title="bbox 309 2420 1298 2515; baseline -0.009 -21"><span class='ocrx_word' id='word_1_108' title='bbox 309 2427 459 2507; x_wconf 87' lang='lat' dir='ltr'>albedo,</span> <span class='ocrx_word' id='word_1_109' title='bbox 484 2424 656 2515; x_wconf 79' lang='lat' dir='ltr'>nigredo,</span> <span class='ocrx_word' id='word_1_110' title='bbox 683 2437 745 2492; x_wconf 90' lang='lat' dir='ltr'>aut</span> <span class='ocrx_word' id='word_1_111' title='bbox 763 2430 843 2491; x_wconf 80' lang='lat' dir='ltr'>cu&#39;m</span> <span class='ocrx_word' id='word_1_112' title='bbox 858 2424 995 2493; x_wconf 85' lang='lat' dir='ltr'>iormas</span> <span class='ocrx_word' id='word_1_113' title='bbox 1013 2422 1063 2490; x_wconf 90' lang='lat' dir='ltr'>ita</span> <span class='ocrx_word' id='word_1_114' title='bbox 1085 2420 1298 2513; x_wconf 85' lang='lat' dir='ltr'>significant,</span> 
     </span>
    </p>
   </div>
   <div class='ocr_carea' id='block_1_3' title="bbox 309 2522 1349 2616">
    <p class='ocr_par' dir='ltr' id='par_1_4' title="bbox 309 2522 1349 2616">
     <span class='ocr_line' id='line_1_19' title="bbox 309 2522 1349 2616; baseline -0.012 -16"><span class='ocrx_word' id='word_1_115' title='bbox 309 2541 350 2600; x_wconf 89' lang='lat' dir='ltr'>ut</span> <span class='ocrx_word' id='word_1_116' title='bbox 364 2528 403 2595; x_wconf 91' lang='lat' dir='ltr'>in</span> <span class='ocrx_word' id='word_1_117' title='bbox 417 2526 497 2597; x_wconf 89' lang='lat' dir='ltr'>aliis</span> <span class='ocrx_word' id='word_1_118' title='bbox 511 2528 618 2596; x_wconf 88' lang='lat' dir='ltr'>rebus</span> <span class='ocrx_word' id='word_1_119' title='bbox 636 2550 710 2597; x_wconf 89' lang='lat' dir='ltr'>esse</span> <span class='ocrx_word' id='word_1_120' title='bbox 726 2537 850 2595; x_wconf 82' lang='lat' dir='ltr'>tamen</span> <span class='ocrx_word' id='word_1_121' title='bbox 866 2524 1072 2616; x_wconf 79' lang='lat' dir='ltr'>designent,</span> <span class='ocrx_word' id='word_1_122' title='bbox 1099 2535 1140 2593; x_wconf 92' lang='lat' dir='ltr'>ut</span> <span class='ocrx_word' id='word_1_123' title='bbox 1164 2522 1298 2602; x_wconf 90' lang='lat' dir='ltr'>album,</span> <span class='ocrx_word' id='word_1_124' title='bbox 1347 2577 1349 2580; x_wconf 95' lang='lat'>.</span> 
     </span>
    </p>
   </div>
   <div class='ocr_carea' id='block_1_4' title="bbox 308 2622 1299 2929">
    <p class='ocr_par' dir='ltr' id='par_1_5' title="bbox 308 2622 1299 2929">
     <span class='ocr_line' id='line_1_20' title="bbox 308 2622 1299 2722; baseline -0.009 -24"><span class='ocrx_word' id='word_1_125' title='bbox 308 2630 466 2722; x_wconf 89' lang='lat' dir='ltr'>nigrum.</span> <span class='ocrx_word' id='word_1_126' title='bbox 515 2627 721 2721; x_wconf 88' lang='lat' dir='ltr'>Posteriore</span> <span class='ocrx_word' id='word_1_127' title='bbox 741 2629 875 2720; x_wconf 86' lang='lat' dir='ltr'>figura,</span> <span class='ocrx_word' id='word_1_128' title='bbox 911 2629 956 2696; x_wconf 87' lang='lat' dir='ltr'>de</span> <span class='ocrx_word' id='word_1_129' title='bbox 980 2624 1186 2716; x_wconf 77' lang='lat' dir='ltr'>substantiis</span> <span class='ocrx_word' id='word_1_130' title='bbox 1209 2622 1299 2691; x_wconf 90' lang='lat' dir='ltr'>acci-</span> 
     </span>
     <span class='ocr_line' id='line_1_21' title="bbox 310 2724 1299 2823; baseline -0.007 -22"><span class='ocrx_word' id='word_1_131' title='bbox 310 2730 432 2802; x_wconf 88' lang='lat' dir='ltr'>dentia</span> <span class='ocrx_word' id='word_1_132' title='bbox 447 2732 636 2803; x_wconf 89' lang='lat' dir='ltr'>commode</span> <span class='ocrx_word' id='word_1_133' title='bbox 650 2731 832 2815; x_wconf 86' lang='lat' dir='ltr'>dicuntur,¹</span> <span class='ocrx_word' id='word_1_134' title='bbox 852 2729 973 2822; x_wconf 90' lang='lat' dir='ltr'>priore</span> <span class='ocrx_word' id='word_1_135' title='bbox 987 2752 1185 2823; x_wconf 87' lang='lat' dir='ltr'>uunquam.</span> <span class='ocrx_word' id='word_1_136' title='bbox 1216 2724 1299 2796; x_wconf 83' lang='lat' dir='ltr'>Fal·</span> 
     </span>
     <span class='ocr_line' id='line_1_22' title="bbox 309 2831 1231 2929; baseline -0.01 -22"><span class='ocrx_word' id='word_1_137' title='bbox 309 2833 448 2908; x_wconf 85' lang='lat' dir='ltr'>sissima</span> <span class='ocrx_word' id='word_1_138' title='bbox 463 2832 693 2929; x_wconf 90' lang='lat' dir='ltr'>enimoratio</span> <span class='ocrx_word' id='word_1_139' title='bbox 712 2845 784 2918; x_wconf 86' lang='lat' dir='ltr'>est,</span> <span class='ocrx_word' id='word_1_140' title='bbox 808 2832 956 2904; x_wconf 87' lang='lat' dir='ltr'>Petrum</span> <span class='ocrx_word' id='word_1_141' title='bbox 973 2831 1129 2902; x_wconf 88' lang='lat' dir='ltr'>colorem</span> <span class='ocrx_word' id='word_1_142' title='bbox 1147 2852 1231 2902; x_wconf 86' lang='lat' dir='ltr'>esse.</span> 
     </span>
    </p>
   </div>
   <div class='ocr_carea' id='block_1_5' title="bbox 565 2998 1059 3093">
    <p class='ocr_par' dir='ltr' id='par_1_6' title="bbox 565 2998 1059 3093">
     <span class='ocr_line' id='line_1_23' title="bbox 565 2998 1059 3093; baseline 0.002 -23"><span class='ocrx_word' id='word_1_143' title='bbox 565 3028 567 3031; x_wconf 89' lang='lat'><em>·</em></span> <span class='ocrx_word' id='word_1_144' title='bbox 599 2998 662 3070; x_wconf 88' lang='lat' dir='ltr'>De</span> <span class='ocrx_word' id='word_1_145' title='bbox 689 3001 1004 3093; x_wconf 88' lang='lat' dir='ltr'>oppositione.</span> <span class='ocrx_word' id='word_1_146' title='bbox 1057 3005 1059 3028; x_wconf 80' lang='lat'><strong>²</strong></span> 
     </span>
    </p>
   </div>
   <div class='ocr_carea' id='block_1_6' title="bbox 312 3135 1304 4259">
    <p class='ocr_par' dir='ltr' id='par_1_7' title="bbox 312 3135 1304 4259">
     <span class='ocr_line' id='line_1_24' title="bbox 412 3135 1300 3231; baseline -0.005 -23"><span class='ocrx_word' id='word_1_147' title='bbox 412 3136 454 3209; x_wconf 91' lang='lat' dir='ltr'>ln</span> <span class='ocrx_word' id='word_1_148' title='bbox 479 3136 733 3207; x_wconf 87' lang='lat' dir='ltr'>controversiis</span> <span class='ocrx_word' id='word_1_149' title='bbox 755 3135 944 3228; x_wconf 89' lang='lat' dir='ltr'>diligenter</span> <span class='ocrx_word' id='word_1_150' title='bbox 972 3138 1203 3231; x_wconf 87' lang='lat' dir='ltr'>spectandum</span> <span class='ocrx_word' id='word_1_151' title='bbox 1235 3146 1300 3218; x_wconf 91' lang='lat' dir='ltr'>est,</span> 
     </span>
     <span class='ocr_line' id='line_1_25' title="bbox 312 3238 1301 3338; baseline -0.008 -24"><span class='ocrx_word' id='word_1_152' title='bbox 312 3265 422 3338; x_wconf 87' lang='lat' dir='ltr'>quarn</span> <span class='ocrx_word' id='word_1_153' title='bbox 439 3238 651 3309; x_wconf 88' lang='lat' dir='ltr'>sententiam</span> <span class='ocrx_word' id='word_1_154' title='bbox 671 3238 729 3308; x_wconf 91' lang='lat' dir='ltr'>cui</span> <span class='ocrx_word' id='word_1_155' title='bbox 744 3262 927 3330; x_wconf 86' lang='lat' dir='ltr'>opponas,</span> <span class='ocrx_word' id='word_1_156' title='bbox 952 3265 1018 3312; x_wconf 92' lang='lat' dir='ltr'>nec</span> <span class='ocrx_word' id='word_1_157' title='bbox 1034 3241 1129 3311; x_wconf 91' lang='lat' dir='ltr'>enim</span> <span class='ocrx_word' id='word_1_158' title='bbox 1154 3263 1225 3310; x_wconf 91' lang='lat' dir='ltr'>una</span> <span class='ocrx_word' id='word_1_159' title='bbox 1248 3250 1301 3308; x_wconf 91' lang='grc' dir='ltr'>εει</span> 
     </span>
     <span class='ocr_line' id='line_1_26' title="bbox 312 3339 1301 3441; baseline -0.005 -26"><span class='ocrx_word' id='word_1_160' title='bbox 312 3340 522 3441; x_wconf 85' lang='lat' dir='ltr'>opponendi</span> <span class='ocrx_word' id='word_1_161' title='bbox 533 3339 710 3424; x_wconf 78' lang='lat' dir='ltr'>formula,</span> <span class='ocrx_word' id='word_1_162' title='bbox 732 3352 768 3409; x_wconf 89' lang='lat' dir='ltr'>et</span> <span class='ocrx_word' id='word_1_163' title='bbox 781 3364 900 3434; x_wconf 83' lang='lat' dir='ltr'>saepe,</span> <span class='ocrx_word' id='word_1_164' title='bbox 926 3368 1018 3439; x_wconf 90' lang='lat' dir='ltr'>quae</span> <span class='ocrx_word' id='word_1_165' title='bbox 1031 3366 1191 3436; x_wconf 85' lang='lat' dir='ltr'>pugnare</span> <span class='ocrx_word' id='word_1_166' title='bbox 1206 3342 1301 3410; x_wconf 91' lang='lat' dir='ltr'>inter</span> 
     </span>
     <span class='ocr_line' id='line_1_27' title="bbox 312 3443 1301 3535; baseline -0.009 -14"><span class='ocrx_word' id='word_1_167' title='bbox 312 3447 356 3521; x_wconf 86' lang='lat' dir='ltr'>se¹</span> <span class='ocrx_word' id='word_1_168' title='bbox 367 3447 554 3530; x_wconf 90' lang='lat' dir='ltr'>videntur,</span> <span class='ocrx_word' id='word_1_169' title='bbox 580 3444 707 3535; x_wconf 89' lang='lat' dir='ltr'>reipsa</span> <span class='ocrx_word' id='word_1_170' title='bbox 724 3443 954 3516; x_wconf 89' lang='lat' dir='ltr'>conveniunt.</span> <span class='ocrx_word' id='word_1_171' title='bbox 1003 3445 1167 3516; x_wconf 89' lang='lat' dir='ltr'>Primum</span> <span class='ocrx_word' id='word_1_172' title='bbox 1185 3445 1223 3512; x_wconf 92' lang='lat' dir='ltr'>in</span> <span class='ocrx_word' id='word_1_173' title='bbox 1237 3467 1301 3535; x_wconf 93' lang='lat' dir='ltr'>op-</span> 
     </span>
     <span class='ocr_line' id='line_1_28' title="bbox 313 3545 1301 3644; baseline -0.006 -22"><span class='ocrx_word' id='word_1_174' title='bbox 313 3547 552 3644; x_wconf 83' lang='lat' dir='ltr'>positionibus</span> <span class='ocrx_word' id='word_1_175' title='bbox 574 3546 744 3629; x_wconf 90' lang='lat' dir='ltr'>observa,</span> <span class='ocrx_word' id='word_1_176' title='bbox 770 3571 815 3616; x_wconf 89' lang='lat' dir='ltr'>ne</span> <span class='ocrx_word' id='word_1_177' title='bbox 837 3572 908 3642; x_wconf 91' lang='lat' dir='ltr'>qua</span> <span class='ocrx_word' id='word_1_178' title='bbox 933 3547 1068 3617; x_wconf 88' lang='lat' dir='ltr'>incidat</span> <span class='ocrx_word' id='word_1_179' title='bbox 1087 3545 1301 3639; x_wconf 83' lang='lat' dir='ltr'>ambiguitas</span> 
     </span>
     <span class='ocr_line' id='line_1_29' title="bbox 313 3648 1302 3744; baseline -0.009 -20"><span class='ocrx_word' id='word_1_180' title='bbox 313 3657 353 3724; x_wconf 94' lang='lat' dir='ltr'>in</span> <span class='ocrx_word' id='word_1_181' title='bbox 367 3676 494 3723; x_wconf 89' lang='lat' dir='ltr'>vocum</span> <span class='ocrx_word' id='word_1_182' title='bbox 511 3648 840 3741; x_wconf 84' lang='lat' dir='ltr'>significationibus.</span> <span class='ocrx_word' id='word_1_183' title='bbox 885 3649 978 3721; x_wconf 87' lang='lat' dir='ltr'>Nam</span> <span class='ocrx_word' id='word_1_184' title='bbox 994 3664 1035 3721; x_wconf 92' lang='lat' dir='ltr'>ut</span> <span class='ocrx_word' id='word_1_185' title='bbox 1049 3674 1125 3719; x_wconf 89' lang='lat' dir='ltr'>non</span> <span class='ocrx_word' id='word_1_186' title='bbox 1139 3660 1302 3744; x_wconf 89' lang='lat' dir='ltr'>pugnant</span> 
     </span>
     <span class='ocr_line' id='line_1_30' title="bbox 313 3750 1303 3850; baseline -0.01 -23"><span class='ocrx_word' id='word_1_187' title='bbox 313 3758 476 3847; x_wconf 77' lang='lat' dir='ltr'>diversae</span> <span class='ocrx_word' id='word_1_188' title='bbox 492 3751 692 3850; x_wconf 77' lang='lat' dir='ltr'>prationes,</span> <span class='ocrx_word' id='word_1_189' title='bbox 716 3751 856 3823; x_wconf 83' lang='lat' dir='ltr'>Aeneas</span> <span class='ocrx_word' id='word_1_190' title='bbox 878 3752 958 3846; x_wconf 87' lang='lat' dir='ltr'>pius</span> <span class='ocrx_word' id='word_1_191' title='bbox 982 3765 1053 3837; x_wconf 86' lang='lat' dir='ltr'>est,</span> <span class='ocrx_word' id='word_1_192' title='bbox 1080 3752 1211 3824; x_wconf 90' lang='lat' dir='ltr'>Caesar</span> <span class='ocrx_word' id='word_1_193' title='bbox 1235 3750 1303 3818; x_wconf 91' lang='lat' dir='ltr'>im-</span> 
     </span>
     <span class='ocr_line' id='line_1_31' title="bbox 313 3852 1302 3953; baseline -0.004 -26"><span class='ocrx_word' id='word_1_194' title='bbox 313 3860 415 3953; x_wconf 90' lang='lat' dir='ltr'>pius,</span> <span class='ocrx_word' id='word_1_195' title='bbox 438 3856 488 3926; x_wconf 91' lang='lat' dir='ltr'>ita</span> <span class='ocrx_word' id='word_1_196' title='bbox 503 3878 568 3925; x_wconf 87' lang='lat' dir='ltr'>nec</span> <span class='ocrx_word' id='word_1_197' title='bbox 587 3880 649 3939; x_wconf 90' lang='lat' dir='ltr'>ea,</span> <span class='ocrx_word' id='word_1_198' title='bbox 673 3878 765 3950; x_wconf 90' lang='lat' dir='ltr'>quae</span> <span class='ocrx_word' id='word_1_199' title='bbox 780 3854 924 3925; x_wconf 90' lang='lat' dir='ltr'>variant</span> <span class='ocrx_word' id='word_1_200' title='bbox 939 3856 1169 3947; x_wconf 84' lang='lat' dir='ltr'>ambiguitate</span> <span class='ocrx_word' id='word_1_201' title='bbox 1192 3852 1302 3935; x_wconf 88' lang='lat' dir='ltr'>vocis,</span> 
     </span>
     <span class='ocr_line' id='line_1_32' title="bbox 314 3954 1302 4053; baseline -0.01 -20"><span class='ocrx_word' id='word_1_202' title='bbox 314 3976 373 4045; x_wconf 91' lang='lat' dir='ltr'>ut,</span> <span class='ocrx_word' id='word_1_203' title='bbox 405 3960 565 4053; x_wconf 85' lang='lat' dir='ltr'>Polypus</span> <span class='ocrx_word' id='word_1_204' title='bbox 588 3971 641 4030; x_wconf 92' lang='grc' dir='ltr'>εει</span> <span class='ocrx_word' id='word_1_205' title='bbox 661 3956 788 4050; x_wconf 90' lang='lat' dir='ltr'>piscis,</span> <span class='ocrx_word' id='word_1_206' title='bbox 819 3957 980 4052; x_wconf 86' lang='lat' dir='ltr'>Polypus</span> <span class='ocrx_word' id='word_1_207' title='bbox 1002 3981 1079 4028; x_wconf 91' lang='lat' dir='ltr'>non</span> <span class='ocrx_word' id='word_1_208' title='bbox 1102 3970 1154 4029; x_wconf 89' lang='grc' dir='ltr'>εει</span> <span class='ocrx_word' id='word_1_209' title='bbox 1178 3954 1302 4050; x_wconf 86' lang='lat' dir='ltr'>piscis:</span> 
     </span>
     <span class='ocr_line' id='line_1_33' title="bbox 314 4057 1304 4156; baseline -0.008 -20"><span class='ocrx_word' id='word_1_210' title='bbox 314 4064 399 4137; x_wconf 92' lang='lat' dir='ltr'>siin</span> <span class='ocrx_word' id='word_1_211' title='bbox 416 4057 484 4132; x_wconf 90' lang='lat' dir='ltr'>hac</span> <span class='ocrx_word' id='word_1_212' title='bbox 498 4062 687 4145; x_wconf 83' lang='lat' dir='ltr'>morbum,</span> <span class='ocrx_word' id='word_1_213' title='bbox 714 4085 819 4156; x_wconf 90' lang='lat' dir='ltr'>quem</span> <span class='ocrx_word' id='word_1_214' title='bbox 834 4059 1002 4156; x_wconf 86' lang='lat' dir='ltr'>Polypon</span> <span class='ocrx_word' id='word_1_215' title='bbox 1024 4072 1173 4145; x_wconf 91' lang='lat' dir='ltr'>vocant,</span> <span class='ocrx_word' id='word_1_216' title='bbox 1200 4058 1304 4129; x_wconf 92' lang='lat' dir='ltr'>intel-</span> 
     </span>
     <span class='ocr_line' id='line_1_34' title="bbox 314 4165 498 4259; baseline -0.011 -22"><span class='ocrx_word' id='word_1_217' title='bbox 314 4167 378 4259; x_wconf 86' lang='lat' dir='ltr'>ligi</span> <span class='ocrx_word' id='word_1_218' title='bbox 400 4165 498 4237; x_wconf 86' lang='lat' dir='ltr'>velis.</span> 
     </span>
    </p>
   </div>
   <div class='ocr_carea' id='block_1_7' title="bbox 316 4332 1302 4506">
    <p class='ocr_par' dir='ltr' id='par_1_8' title="bbox 316 4332 1302 4506">
     <span class='ocr_line' id='line_1_35' title="bbox 316 4332 1302 4427; baseline -0.006 -20"><span class='ocrx_word' id='word_1_219' title='bbox 316 4338 507 4406; x_wconf 83' lang='lat' dir='ltr'>Formae</span> <span class='ocrx_word' id='word_1_220' title='bbox 540 4332 846 4427; x_wconf 87' lang='lat' dir='ltr'>pugnantium</span> <span class='ocrx_word' id='word_1_221' title='bbox 888 4332 1302 4424; x_wconf 89' lang='lat' dir='ltr'>pronuntiatorum</span> 
     </span>
     <span class='ocr_line' id='line_1_36' title="bbox 694 4448 934 4506; baseline 0 -1"><span class='ocrx_word' id='word_1_222' title='bbox 694 4448 792 4505; x_wconf 88' lang='lat' dir='ltr'>tres</span> <span class='ocrx_word' id='word_1_223' title='bbox 818 4450 934 4506; x_wconf 88' lang='lat' dir='ltr'>sunt.</span> 
     </span>
    </p>
   </div>
   <div class='ocr_carea' id='block_1_8' title="bbox 317 4569 1307 5282">
    <p class='ocr_par' dir='ltr' id='par_1_9' title="bbox 317 4569 1307 5073">
     <span class='ocr_line' id='line_1_37' title="bbox 422 4569 1307 4657; baseline -0.002 -14"><span class='ocrx_word' id='word_1_224' title='bbox 422 4570 634 4657; x_wconf 90' lang='lat' dir='ltr'>Contraria,</span> <span class='ocrx_word' id='word_1_225' title='bbox 676 4572 749 4642; x_wconf 90' lang='lat' dir='ltr'>duo</span> <span class='ocrx_word' id='word_1_226' title='bbox 770 4569 1008 4654; x_wconf 89' lang='lat' dir='ltr'>universalia,</span> <span class='ocrx_word' id='word_1_227' title='bbox 1037 4582 1078 4640; x_wconf 90' lang='lat' dir='ltr'>ut</span> <span class='ocrx_word' id='word_1_228' title='bbox 1098 4572 1215 4642; x_wconf 89' lang='lat' dir='ltr'>omnis</span> <span class='ocrx_word' id='word_1_229' title='bbox 1239 4596 1307 4641; x_wconf 90' lang='lat' dir='ltr'>vo·</span> 
     </span>
     <span class='ocr_line' id='line_1_38' title="bbox 318 4674 1305 4772; baseline -0.001 -26"><span class='ocrx_word' id='word_1_230' title='bbox 318 4678 437 4772; x_wconf 79' lang='lat' dir='ltr'>luptas</span> <span class='ocrx_word' id='word_1_231' title='bbox 455 4687 508 4745; x_wconf 88' lang='lat' dir='ltr'>est</span> <span class='ocrx_word' id='word_1_232' title='bbox 530 4675 645 4759; x_wconf 90' lang='lat' dir='ltr'>bona,</span> <span class='ocrx_word' id='word_1_233' title='bbox 679 4674 777 4744; x_wconf 91' lang='lat' dir='ltr'>nulla</span> <span class='ocrx_word' id='word_1_234' title='bbox 802 4675 968 4766; x_wconf 86' lang='lat' dir='ltr'>voluptas</span> <span class='ocrx_word' id='word_1_235' title='bbox 990 4684 1042 4743; x_wconf 90' lang='lat' dir='ltr'>est</span> <span class='ocrx_word' id='word_1_236' title='bbox 1063 4674 1180 4758; x_wconf 88' lang='lat' dir='ltr'>bona,</span> <span class='ocrx_word' id='word_1_237' title='bbox 1213 4700 1305 4770; x_wconf 91' lang='lat' dir='ltr'>quae</span> 
     </span>
     <span class='ocr_line' id='line_1_39' title="bbox 318 4766 1306 4873; baseline -0.002 -24"><span class='ocrx_word' id='word_1_238' title='bbox 318 4801 504 4873; x_wconf 91' lang='lat' dir='ltr'>nunquam</span> <span class='ocrx_word' id='word_1_239' title='bbox 522 4776 629 4848; x_wconf 87' lang='lat' dir='ltr'>simul</span> <span class='ocrx_word' id='word_1_240' title='bbox 643 4800 727 4851; x_wconf 85' lang='lat' dir='ltr'>vera</span> <span class='ocrx_word' id='word_1_241' title='bbox 748 4791 852 4863; x_wconf 90' lang='lat' dir='ltr'>sunt,</span> <span class='ocrx_word' id='word_1_242' title='bbox 883 4778 921 4845; x_wconf 92' lang='lat' dir='ltr'>in</span> <span class='ocrx_word' id='word_1_243' title='bbox 939 4775 1226 4867; x_wconf 89' lang='lat' dir='ltr'>contingentibus</span> <span class='ocrx_word' id='word_1_244' title='bbox 1242 4766 1306 4866; x_wconf 80' lang='lat' dir='ltr'>ali-</span> 
     </span>
     <span class='ocr_line' id='line_1_40' title="bbox 318 4874 1307 4973; baseline 0.002 -22"><span class='ocrx_word' id='word_1_245' title='bbox 318 4881 402 4953; x_wconf 88' lang='lat' dir='ltr'>cubi</span> <span class='ocrx_word' id='word_1_246' title='bbox 419 4880 526 4952; x_wconf 90' lang='lat' dir='ltr'>simul</span> <span class='ocrx_word' id='word_1_247' title='bbox 549 4879 636 4951; x_wconf 81' lang='lat' dir='ltr'>falsa</span> <span class='ocrx_word' id='word_1_248' title='bbox 659 4892 761 4965; x_wconf 88' lang='lat' dir='ltr'>sunt,</span> <span class='ocrx_word' id='word_1_249' title='bbox 802 4892 843 4950; x_wconf 90' lang='lat' dir='ltr'>ut</span> <span class='ocrx_word' id='word_1_250' title='bbox 865 4878 982 4949; x_wconf 92' lang='lat' dir='ltr'>omnis</span> <span class='ocrx_word' id='word_1_251' title='bbox 1005 4874 1116 4947; x_wconf 92' lang='lat' dir='ltr'>bomo</span> <span class='ocrx_word' id='word_1_252' title='bbox 1139 4892 1191 4951; x_wconf 90' lang='lat' dir='ltr'>est</span> <span class='ocrx_word' id='word_1_253' title='bbox 1214 4880 1307 4973; x_wconf 85' lang='lat' dir='ltr'>pius,</span> 
     </span>
     <span class='ocr_line' id='line_1_41' title="bbox 317 4978 737 5073; baseline -0.005 -18"><span class='ocrx_word' id='word_1_254' title='bbox 317 4985 438 5057; x_wconf 76' lang='lat' dir='ltr'>nullm</span> <span class='ocrx_word' id='word_1_255' title='bbox 454 4978 565 5052; x_wconf 92' lang='lat' dir='ltr'>homo</span> <span class='ocrx_word' id='word_1_256' title='bbox 581 4993 633 5052; x_wconf 88' lang='lat' dir='ltr'>est</span> <span class='ocrx_word' id='word_1_257' title='bbox 645 4980 737 5073; x_wconf 88' lang='lat' dir='ltr'>pius.</span> 
     </span>
    </p>

    <p class='ocr_par' dir='ltr' id='par_1_10' title="bbox 319 5082 1306 5282">
     <span class='ocr_line' id='line_1_42' title="bbox 422 5082 1304 5177; baseline -0.003 -21"><span class='ocrx_word' id='word_1_258' title='bbox 422 5082 698 5168; x_wconf 90' lang='lat' dir='ltr'>Subcontraria,</span> <span class='ocrx_word' id='word_1_259' title='bbox 723 5085 953 5177; x_wconf 90' lang='lat' dir='ltr'>particularia</span> <span class='ocrx_word' id='word_1_260' title='bbox 970 5098 1071 5168; x_wconf 90' lang='lat' dir='ltr'>sunt,</span> <span class='ocrx_word' id='word_1_261' title='bbox 1097 5097 1138 5154; x_wconf 89' lang='lat' dir='ltr'>ut</span> <span class='ocrx_word' id='word_1_262' title='bbox 1159 5082 1304 5177; x_wconf 90' lang='lat' dir='ltr'>quidam</span> 
     </span>
     <span class='ocr_line' id='line_1_43' title="bbox 319 5183 1306 5282; baseline -0.003 -24"><span class='ocrx_word' id='word_1_263' title='bbox 319 5185 430 5258; x_wconf 89' lang='lat' dir='ltr'>bomo</span> <span class='ocrx_word' id='word_1_264' title='bbox 447 5188 528 5281; x_wconf 92' lang='lat' dir='ltr'>pius</span> <span class='ocrx_word' id='word_1_265' title='bbox 543 5199 616 5271; x_wconf 92' lang='lat' dir='ltr'>est,</span> <span class='ocrx_word' id='word_1_266' title='bbox 638 5185 784 5279; x_wconf 87' lang='lat' dir='ltr'>quidam</span> <span class='ocrx_word' id='word_1_267' title='bbox 799 5183 910 5257; x_wconf 93' lang='lat' dir='ltr'>bomo</span> <span class='ocrx_word' id='word_1_268' title='bbox 926 5188 1005 5281; x_wconf 94' lang='lat' dir='ltr'>pius</span> <span class='ocrx_word' id='word_1_269' title='bbox 1019 5212 1093 5257; x_wconf 92' lang='lat' dir='ltr'>non</span> <span class='ocrx_word' id='word_1_270' title='bbox 1110 5200 1180 5271; x_wconf 87' lang='lat' dir='ltr'>est,</span> <span class='ocrx_word' id='word_1_271' title='bbox 1215 5209 1306 5282; x_wconf 88' lang='lat' dir='ltr'>quae</span> 
     </span>
    </p>
   </div>
   <div class='ocr_carea' id='block_1_9' title="bbox 207 5287 1307 5385">
    <p class='ocr_par' dir='ltr' id='par_1_11' title="bbox 207 5287 1307 5385">
     <span class='ocr_line' id='line_1_44' title="bbox 207 5287 1307 5385; baseline -0.002 -26"><span class='ocrx_word' id='word_1_272' title='bbox 207 5372 213 5378; x_wconf 36' lang='grc'><strong>-</strong></span> <span class='ocrx_word' id='word_1_273' title='bbox 319 5315 506 5385; x_wconf 90' lang='lat' dir='ltr'>nunquam</span> <span class='ocrx_word' id='word_1_274' title='bbox 523 5288 630 5362; x_wconf 91' lang='lat' dir='ltr'>simul</span> <span class='ocrx_word' id='word_1_275' title='bbox 643 5287 729 5358; x_wconf 87' lang='lat' dir='ltr'>falsa</span> <span class='ocrx_word' id='word_1_276' title='bbox 745 5303 847 5375; x_wconf 88' lang='lat' dir='ltr'>sunt,</span> <span class='ocrx_word' id='word_1_277' title='bbox 874 5304 911 5361; x_wconf 87' lang='lat' dir='ltr'>at</span> <span class='ocrx_word' id='word_1_278' title='bbox 933 5316 1017 5361; x_wconf 91' lang='lat' dir='ltr'>vera</span> <span class='ocrx_word' id='word_1_279' title='bbox 1039 5290 1077 5359; x_wconf 90' lang='lat' dir='ltr'>in</span> <span class='ocrx_word' id='word_1_280' title='bbox 1099 5288 1307 5382; x_wconf 83' lang='lat' dir='ltr'>contingen-</span> 
     </span>
    </p>
   </div>
   <div class='ocr_carea' id='block_1_10' title="bbox 319 5393 1307 5890">
    <p class='ocr_par' dir='ltr' id='par_1_12' title="bbox 319 5393 800 5484">
     <span class='ocr_line' id='line_1_45' title="bbox 319 5393 800 5484; baseline 0.002 -22"><span class='ocrx_word' id='word_1_281' title='bbox 319 5393 414 5463; x_wconf 89' lang='lat' dir='ltr'>tibus</span> <span class='ocrx_word' id='word_1_282' title='bbox 428 5394 534 5464; x_wconf 89' lang='lat' dir='ltr'>simul</span> <span class='ocrx_word' id='word_1_283' title='bbox 550 5416 623 5464; x_wconf 83' lang='lat' dir='ltr'>esse</span> <span class='ocrx_word' id='word_1_284' title='bbox 639 5404 800 5484; x_wconf 86' lang='lat' dir='ltr'>possunt.</span> 
     </span>
    </p>

    <p class='ocr_par' dir='ltr' id='par_1_13' title="bbox 320 5493 1307 5890">
     <span class='ocr_line' id='line_1_46' title="bbox 424 5493 1307 5584; baseline -0.005 -19"><span class='ocrx_word' id='word_1_285' title='bbox 424 5494 712 5565; x_wconf 74' lang='lat' dir='ltr'>contradictoria</span> <span class='ocrx_word' id='word_1_286' title='bbox 731 5505 896 5562; x_wconf 89' lang='lat' dir='ltr'>constant</span> <span class='ocrx_word' id='word_1_287' title='bbox 910 5518 952 5562; x_wconf 86' lang='lat' dir='ltr'>ex</span> <span class='ocrx_word' id='word_1_288' title='bbox 964 5493 1159 5565; x_wconf 90' lang='lat' dir='ltr'>universali</span> <span class='ocrx_word' id='word_1_289' title='bbox 1175 5505 1209 5562; x_wconf 87' lang='lat' dir='ltr'>et</span> <span class='ocrx_word' id='word_1_290' title='bbox 1225 5517 1307 5584; x_wconf 90' lang='lat' dir='ltr'>par-</span> 
     </span>
     <span class='ocr_line' id='line_1_47' title="bbox 320 5595 1307 5692; baseline -0.001 -27"><span class='ocrx_word' id='word_1_291' title='bbox 320 5597 483 5683; x_wconf 85' lang='lat' dir='ltr'>ticulari,</span> <span class='ocrx_word' id='word_1_292' title='bbox 510 5611 572 5668; x_wconf 91' lang='lat' dir='ltr'>aut</span> <span class='ocrx_word' id='word_1_293' title='bbox 587 5595 844 5687; x_wconf 84' lang='lat' dir='ltr'>singularibus,</span> <span class='ocrx_word' id='word_1_294' title='bbox 870 5619 962 5691; x_wconf 90' lang='lat' dir='ltr'>quae</span> <span class='ocrx_word' id='word_1_295' title='bbox 978 5620 1163 5692; x_wconf 92' lang='lat' dir='ltr'>nunquam</span> <span class='ocrx_word' id='word_1_296' title='bbox 1188 5596 1307 5679; x_wconf 92' lang='lat' dir='ltr'>simul,</span> 
     </span>
     <span class='ocr_line' id='line_1_48' title="bbox 321 5697 1306 5796; baseline -0.002 -28"><span class='ocrx_word' id='word_1_297' title='bbox 321 5724 438 5796; x_wconf 89' lang='lat' dir='ltr'>neque</span> <span class='ocrx_word' id='word_1_298' title='bbox 457 5725 561 5783; x_wconf 80' lang='lat' dir='ltr'>vera,</span> <span class='ocrx_word' id='word_1_299' title='bbox 596 5721 713 5793; x_wconf 90' lang='lat' dir='ltr'>neque</span> <span class='ocrx_word' id='word_1_300' title='bbox 734 5698 820 5766; x_wconf 79' lang='lat' dir='ltr'>falsa</span> <span class='ocrx_word' id='word_1_301' title='bbox 845 5721 919 5768; x_wconf 89' lang='lat' dir='ltr'>esse</span> <span class='ocrx_word' id='word_1_302' title='bbox 940 5712 1108 5790; x_wconf 85' lang='lat' dir='ltr'>possunt,</span> <span class='ocrx_word' id='word_1_303' title='bbox 1145 5710 1186 5769; x_wconf 90' lang='lat' dir='ltr'>ut</span> <span class='ocrx_word' id='word_1_304' title='bbox 1201 5697 1306 5768; x_wconf 90' lang='lat' dir='ltr'>Plato</span> 
     </span>
     <span class='ocr_line' id='line_1_49' title="bbox 320 5800 785 5890; baseline 0.004 -21"><span class='ocrx_word' id='word_1_305' title='bbox 320 5807 437 5890; x_wconf 85' lang='lat' dir='ltr'>sedet,</span> <span class='ocrx_word' id='word_1_306' title='bbox 462 5804 568 5874; x_wconf 89' lang='lat' dir='ltr'>Plato</span> <span class='ocrx_word' id='word_1_307' title='bbox 585 5825 660 5871; x_wconf 91' lang='lat' dir='ltr'>non</span> <span class='ocrx_word' id='word_1_308' title='bbox 676 5800 785 5871; x_wconf 89' lang='lat' dir='ltr'>sedet.</span> 
     </span>
    </p>
   </div>
   <div class='ocr_carea' id='block_1_11' title="bbox 781 610 1828 723">
    <p class='ocr_par' dir='ltr' id='par_1_14' title="bbox 781 610 1828 723">
     <span class='ocr_line' id='line_1_50' title="bbox 781 610 1828 723; baseline -0.006 -32"><span class='ocrx_word' id='word_1_309' title='bbox 781 718 785 723; x_wconf 19' lang='grc' dir='ltr'><strong><em>Ι</em></strong></span> <span class='ocrx_word' id='word_1_310' title='bbox 806 616 883 691; x_wconf 84' lang='lat' dir='ltr'>Vll.</span> <span class='ocrx_word' id='word_1_311' title='bbox 937 611 1303 689; x_wconf 79' lang='lat' dir='ltr'>COMPENDlARJll</span> <span class='ocrx_word' id='word_1_312' title='bbox 1326 613 1640 686; x_wconf 78' lang='lat' dir='ltr'>DlALECTlCES</span> <span class='ocrx_word' id='word_1_313' title='bbox 1665 610 1828 685; x_wconf 79' lang='lat' dir='ltr'>RATlO.</span> 
     </span>
    </p>
   </div>
   <div class='ocr_carea' id='block_1_12' title="bbox 2262 617 2337 690">
    <p class='ocr_par' dir='ltr' id='par_1_15' title="bbox 2262 617 2337 690">
     <span class='ocr_line' id='line_1_51' title="bbox 2262 617 2337 690; baseline 0.053 -4"><span class='ocrx_word' id='word_1_314' title='bbox 2262 617 2337 690; x_wconf 71' lang='grc'>780</span> 
     </span>
    </p>
   </div>
   <div class='ocr_carea' id='block_1_13' title="bbox 2045 785 2335 961">
    <p class='ocr_par' dir='ltr' id='par_1_16' title="bbox 2045 785 2335 961">
     <span class='ocr_line' id='line_1_52' title="bbox 2045 785 2335 880; baseline 0.003 -22"><span class='ocrx_word' id='word_1_315' title='bbox 2045 785 2151 858; x_wconf 88' lang='lat' dir='ltr'>Nulla</span> <span class='ocrx_word' id='word_1_316' title='bbox 2169 789 2335 880; x_wconf 88' lang='lat' dir='ltr'>voluptas</span> 
     </span>
     <span class='ocr_line' id='line_1_53' title="bbox 2093 887 2268 961; baseline 0.023 -4"><span class='ocrx_word' id='word_1_317' title='bbox 2093 900 2145 960; x_wconf 91' lang='lat' dir='ltr'>est</span> <span class='ocrx_word' id='word_1_318' title='bbox 2158 887 2268 961; x_wconf 90' lang='lat' dir='ltr'>bona.</span> 
     </span>
    </p>
   </div>
   <div class='ocr_carea' id='block_1_14' title="bbox 1349 785 1658 877">
    <p class='ocr_par' dir='ltr' id='par_1_17' title="bbox 1349 785 1658 877">
     <span class='ocr_line' id='line_1_54' title="bbox 1349 785 1658 877; baseline -0.003 -20"><span class='ocrx_word' id='word_1_319' title='bbox 1349 785 1479 859; x_wconf 89' lang='lat' dir='ltr'>Omnis</span> <span class='ocrx_word' id='word_1_320' title='bbox 1493 786 1658 877; x_wconf 88' lang='lat' dir='ltr'>voluptas</span> 
     </span>
    </p>
   </div>
   <div class='ocr_carea' id='block_1_15' title="bbox 1376 884 1963 961">
    <p class='ocr_par' dir='ltr' id='par_1_18' title="bbox 1376 884 1963 961">
     <span class='ocr_line' id='line_1_55' title="bbox 1376 884 1963 961; baseline -0.01 -1"><span class='ocrx_word' id='word_1_321' title='bbox 1376 896 1379 902; x_wconf 83' lang='lat'>&#39;</span> <span class='ocrx_word' id='word_1_322' title='bbox 1420 903 1473 961; x_wconf 87' lang='grc' dir='ltr'>εει</span> <span class='ocrx_word' id='word_1_323' title='bbox 1486 890 1594 960; x_wconf 91' lang='lat' dir='ltr'>bona.</span> <span class='ocrx_word' id='word_1_324' title='bbox 1751 884 1963 956; x_wconf 78' lang='lat' dir='ltr'>Contrarias</span> 
     </span>
    </p>
   </div>
   <div class='ocr_carea' id='block_1_16' title="bbox 2009 1087 2076 1210">
    <p class='ocr_par' dir='ltr' id='par_1_19' title="bbox 2009 1087 2076 1210">
     <span class='ocr_line' id='line_1_56' title="bbox 2009 1087 2076 1210; baseline 0 0"><span class='ocrx_word' id='word_1_325' title='bbox 2009 1087 2076 1210; x_wconf 51' lang='lat' dir='ltr'>,a</span> 
     </span>
    </p>
   </div>
   <div class='ocr_carea' id='block_1_17' title="bbox 1968 1192 2017 1282">
    <p class='ocr_par' dir='ltr' id='par_1_20' title="bbox 1968 1192 2017 1282">
     <span class='ocr_line' id='line_1_57' title="bbox 1968 1192 2017 1282; baseline 0 -46"><span class='ocrx_word' id='word_1_326' title='bbox 1968 1192 2017 1282; x_wconf 56' lang='grc' dir='ltr'>ὸθ</span> 
     </span>
    </p>
   </div>
   <div class='ocr_carea' id='block_1_18' title="bbox 1963 1736 2068 1934">
    <p class='ocr_par' dir='ltr' id='par_1_21' title="bbox 1963 1736 2068 1934">
     <span class='ocr_line' id='line_1_58' title="bbox 1963 1736 2051 1904; baseline -0.011 -125"><span class='ocrx_word' id='word_1_327' title='bbox 1963 1736 2051 1904; x_wconf 32' lang='lat' dir='ltr'>(booz</span> 
     </span>
     <span class='ocr_line' id='line_1_59' title="bbox 2047 1890 2068 1934; baseline 0 0"><span class='ocrx_word' id='word_1_328' title='bbox 2047 1890 2068 1934; x_wconf 73' lang='grc' dir='ltr'><strong><em>θ</em></strong></span> 
     </span>
    </p>
   </div>
   <div class='ocr_carea' id='block_1_19' title="bbox 1348 2070 2340 2372">
    <p class='ocr_par' dir='ltr' id='par_1_22' title="bbox 1348 2070 2340 2372">
     <span class='ocr_line' id='line_1_60' title="bbox 1707 2070 1984 2142; baseline -0.011 0"><span class='ocrx_word' id='word_1_329' title='bbox 1707 2070 1984 2142; x_wconf 79' lang='lat' dir='ltr'>subcontrariae</span> 
     </span>
     <span class='ocr_line' id='line_1_61' title="bbox 1348 2169 2315 2272; baseline -0.009 -26"><span class='ocrx_word' id='word_1_330' title='bbox 1348 2177 1537 2272; x_wconf 81' lang='lat' dir='ltr'>Quaedam</span> <span class='ocrx_word' id='word_1_331' title='bbox 1554 2174 1655 2243; x_wconf 91' lang='lat' dir='ltr'>volu·</span> <span class='ocrx_word' id='word_1_332' title='bbox 2007 2171 2195 2265; x_wconf 85' lang='lat' dir='ltr'>Quaedam</span> <span class='ocrx_word' id='word_1_333' title='bbox 2214 2169 2315 2239; x_wconf 92' lang='lat' dir='ltr'>volu·</span> 
     </span>
     <span class='ocr_line' id='line_1_62' title="bbox 1348 2273 2340 2372; baseline -0.011 -21"><span class='ocrx_word' id='word_1_334' title='bbox 1348 2293 1427 2372; x_wconf 91' lang='lat' dir='ltr'>ptas</span> <span class='ocrx_word' id='word_1_335' title='bbox 1443 2290 1496 2350; x_wconf 89' lang='lat' dir='ltr'>est</span> <span class='ocrx_word' id='word_1_336' title='bbox 1509 2278 1618 2362; x_wconf 91' lang='lat' dir='ltr'>bona,</span> <span class='ocrx_word' id='word_1_337' title='bbox 1978 2273 2340 2365; x_wconf 89' lang='lat' dir='ltr'>ptasnonestboua.</span> 
     </span>
    </p>
   </div>
   <div class='ocr_carea' id='block_1_20' title="bbox 1592 2441 2048 2513">
    <p class='ocr_par' dir='ltr' id='par_1_23' title="bbox 1592 2441 2048 2513">
     <span class='ocr_line' id='line_1_63' title="bbox 1592 2441 2048 2513; baseline 0.004 -2"><span class='ocrx_word' id='word_1_338' title='bbox 1592 2466 1597 2475; x_wconf 90' lang='lat'><strong>·</strong></span> <span class='ocrx_word' id='word_1_339' title='bbox 1639 2441 1702 2511; x_wconf 89' lang='lat' dir='ltr'>De</span> <span class='ocrx_word' id='word_1_340' title='bbox 1729 2442 2048 2513; x_wconf 86' lang='lat' dir='ltr'>conversione.</span> 
     </span>
    </p>
   </div>
   <div class='ocr_carea' id='block_1_21' title="bbox 1349 2554 2416 5724">
    <p class='ocr_par' dir='ltr' id='par_1_24' title="bbox 1349 2554 2342 3065">
     <span class='ocr_line' id='line_1_64' title="bbox 1452 2554 2341 2652; baseline -0.007 -18"><span class='ocrx_word' id='word_1_341' title='bbox 1452 2561 1547 2634; x_wconf 92' lang='lat' dir='ltr'>Usus</span> <span class='ocrx_word' id='word_1_342' title='bbox 1561 2564 1885 2650; x_wconf 89' lang='lat' dir='ltr'>convertendorum</span> <span class='ocrx_word' id='word_1_343' title='bbox 1906 2560 2245 2652; x_wconf 89' lang='lat' dir='ltr'>pronuntiatorum,</span> <span class='ocrx_word' id='word_1_344' title='bbox 2263 2554 2341 2637; x_wconf 66' lang='lat' dir='ltr'>‚nisi</span> 
     </span>
     <span class='ocr_line' id='line_1_65' title="bbox 1350 2660 2340 2759; baseline -0.011 -23"><span class='ocrx_word' id='word_1_345' title='bbox 1350 2667 1446 2758; x_wconf 90' lang='lat' dir='ltr'>apud</span> <span class='ocrx_word' id='word_1_346' title='bbox 1464 2660 1660 2759; x_wconf 86' lang='lat' dir='ltr'>sophistas,</span> <span class='ocrx_word' id='word_1_347' title='bbox 1685 2663 1861 2733; x_wconf 87' lang='lat' dir='ltr'>nonsatis</span> <span class='ocrx_word' id='word_1_348' title='bbox 1877 2664 2004 2746; x_wconf 90' lang='lat' dir='ltr'>video,</span> <span class='ocrx_word' id='word_1_349' title='bbox 2030 2687 2105 2734; x_wconf 87' lang='lat' dir='ltr'>esse</span> <span class='ocrx_word' id='word_1_350' title='bbox 2122 2662 2202 2755; x_wconf 91' lang='lat' dir='ltr'>quis</span> <span class='ocrx_word' id='word_1_351' title='bbox 2216 2660 2340 2752; x_wconf 83' lang='lat' dir='ltr'>possit.</span> 
     </span>
     <span class='ocr_line' id='line_1_66' title="bbox 1349 2763 2342 2860; baseline -0.004 -24"><span class='ocrx_word' id='word_1_352' title='bbox 1349 2767 1505 2851; x_wconf 79' lang='lat' dir='ltr'>Verum,</span> <span class='ocrx_word' id='word_1_353' title='bbox 1530 2770 1675 2860; x_wconf 90' lang='lat' dir='ltr'>quando</span> <span class='ocrx_word' id='word_1_354' title='bbox 1698 2768 1744 2835; x_wconf 90' lang='lat' dir='ltr'>ad</span> <span class='ocrx_word' id='word_1_355' title='bbox 1760 2778 1926 2834; x_wconf 90' lang='lat' dir='ltr'>naturam</span> <span class='ocrx_word' id='word_1_356' title='bbox 1950 2765 2134 2856; x_wconf 89' lang='lat' dir='ltr'>signorum</span> <span class='ocrx_word' id='word_1_357' title='bbox 2158 2763 2342 2832; x_wconf 83' lang='lat' dir='ltr'>universa-</span> 
     </span>
     <span class='ocr_line' id='line_1_67' title="bbox 1349 2868 2341 2959; baseline -0.009 -20"><span class='ocrx_word' id='word_1_358' title='bbox 1349 2871 1453 2956; x_wconf 88' lang='lat' dir='ltr'>lium,</span> <span class='ocrx_word' id='word_1_359' title='bbox 1473 2869 1769 2938; x_wconf 81' lang='lat' dir='ltr'>affirmativomm</span> <span class='ocrx_word' id='word_1_360' title='bbox 1786 2881 1821 2937; x_wconf 89' lang='lat' dir='ltr'>et</span> <span class='ocrx_word' id='word_1_361' title='bbox 1835 2868 2098 2959; x_wconf 89' lang='lat' dir='ltr'>negativorum,</span> <span class='ocrx_word' id='word_1_362' title='bbox 2121 2888 2196 2934; x_wconf 89' lang='lat' dir='ltr'>nou</span> <span class='ocrx_word' id='word_1_363' title='bbox 2212 2885 2341 2956; x_wconf 87' lang='lat' dir='ltr'>parum</span> 
     </span>
     <span class='ocr_line' id='line_1_68' title="bbox 1351 2968 2309 3065; baseline -0.007 -22"><span class='ocrx_word' id='word_1_364' title='bbox 1351 2973 1537 3055; x_wconf 86' lang='lat' dir='ltr'>conducit,</span> <span class='ocrx_word' id='word_1_365' title='bbox 1562 2971 1746 3041; x_wconf 88' lang='lat' dir='ltr'>subiiciam</span> <span class='ocrx_word' id='word_1_366' title='bbox 1765 2994 1909 3065; x_wconf 88' lang='lat' dir='ltr'>quoque</span> <span class='ocrx_word' id='word_1_367' title='bbox 1924 2968 2155 3038; x_wconf 88' lang='lat' dir='ltr'>convertendi</span> <span class='ocrx_word' id='word_1_368' title='bbox 2169 2969 2309 3036; x_wconf 83' lang='lat' dir='ltr'>modos.</span> 
     </span>
    </p>

    <p class='ocr_par' dir='ltr' id='par_1_25' title="bbox 1350 3066 2416 5724">
     <span class='ocr_line' id='line_1_69' title="bbox 1452 3066 2340 3163; baseline -0.009 -22"><span class='ocrx_word' id='word_1_369' title='bbox 1452 3073 1717 3143; x_wconf 88' lang='lat' dir='ltr'>Vertendorum</span> <span class='ocrx_word' id='word_1_370' title='bbox 1761 3066 2078 3163; x_wconf 89' lang='lat' dir='ltr'>pronuntiatorum</span> <span class='ocrx_word' id='word_1_371' title='bbox 2122 3071 2214 3138; x_wconf 91' lang='lat' dir='ltr'>duae</span> <span class='ocrx_word' id='word_1_372' title='bbox 2257 3076 2340 3139; x_wconf 88' lang='lat' dir='ltr'>sunt</span> 
     </span>
     <span class='ocr_line' id='line_1_70' title="bbox 1350 3172 2342 3269; baseline -0.007 -24"><span class='ocrx_word' id='word_1_373' title='bbox 1350 3178 1510 3258; x_wconf 83' lang='lat' dir='ltr'>formae,</span> <span class='ocrx_word' id='word_1_374' title='bbox 1540 3175 1717 3266; x_wconf 82' lang='lat' dir='ltr'>Simplex,</span> <span class='ocrx_word' id='word_1_375' title='bbox 1743 3200 1812 3269; x_wconf 91' lang='lat' dir='ltr'>qua</span> <span class='ocrx_word' id='word_1_376' title='bbox 1840 3174 1966 3245; x_wconf 92' lang='lat' dir='ltr'>iisdem</span> <span class='ocrx_word' id='word_1_377' title='bbox 1989 3172 2099 3265; x_wconf 89' lang='lat' dir='ltr'>signis</span> <span class='ocrx_word' id='word_1_378' title='bbox 2120 3172 2342 3240; x_wconf 83' lang='lat' dir='ltr'>transierun-</span> 
     </span>
     <span class='ocr_line' id='line_1_71' title="bbox 1352 3277 2342 3371; baseline -0.008 -23"><span class='ocrx_word' id='word_1_379' title='bbox 1352 3278 1582 3366; x_wconf 75' lang='lat' dir='ltr'>tursubiecta</span> <span class='ocrx_word' id='word_1_380' title='bbox 1599 3290 1634 3346; x_wconf 93' lang='lat' dir='ltr'>et</span> <span class='ocrx_word' id='word_1_381' title='bbox 1650 3277 1877 3369; x_wconf 87' lang='lat' dir='ltr'>praedicata,</span> <span class='ocrx_word' id='word_1_382' title='bbox 1911 3301 1983 3371; x_wconf 91' lang='lat' dir='ltr'>quo</span> <span class='ocrx_word' id='word_1_383' title='bbox 2008 3277 2117 3345; x_wconf 90' lang='lat' dir='ltr'>modo</span> <span class='ocrx_word' id='word_1_384' title='bbox 2140 3284 2342 3355; x_wconf 89' lang='lat' dir='ltr'>vertuntur,</span> 
     </span>
     <span class='ocr_line' id='line_1_72' title="bbox 1351 3374 2343 3471; baseline -0.01 -17"><span class='ocrx_word' id='word_1_385' title='bbox 1351 3381 1563 3454; x_wconf 87' lang='lat' dir='ltr'>universalis</span> <span class='ocrx_word' id='word_1_386' title='bbox 1585 3380 1770 3471; x_wconf 85' lang='lat' dir='ltr'>negativa,</span> <span class='ocrx_word' id='word_1_387' title='bbox 1811 3392 1846 3449; x_wconf 90' lang='grc' dir='ltr'>ει</span> <span class='ocrx_word' id='word_1_388' title='bbox 1868 3379 2093 3470; x_wconf 89' lang='lat' dir='ltr'>particularis</span> <span class='ocrx_word' id='word_1_389' title='bbox 2117 3374 2343 3457; x_wconf 86' lang='lat' dir='ltr'>affirmativa,</span> 
     </span>
     <span class='ocr_line' id='line_1_73' title="bbox 1351 3476 2341 3571; baseline -0.011 -16"><span class='ocrx_word' id='word_1_390' title='bbox 1351 3497 1393 3555; x_wconf 93' lang='lat' dir='ltr'>ut</span> <span class='ocrx_word' id='word_1_391' title='bbox 1408 3484 1527 3554; x_wconf 90' lang='lat' dir='ltr'>nullus</span> <span class='ocrx_word' id='word_1_392' title='bbox 1541 3479 1653 3553; x_wconf 90' lang='lat' dir='ltr'>bomo</span> <span class='ocrx_word' id='word_1_393' title='bbox 1670 3494 1722 3552; x_wconf 88' lang='lat' dir='ltr'>est</span> <span class='ocrx_word' id='word_1_394' title='bbox 1736 3485 1895 3564; x_wconf 88' lang='lat' dir='ltr'>brutum,</span> <span class='ocrx_word' id='word_1_395' title='bbox 1918 3492 2000 3571; x_wconf 91' lang='lat' dir='ltr'>apte</span> <span class='ocrx_word' id='word_1_396' title='bbox 2016 3478 2177 3561; x_wconf 87' lang='lat' dir='ltr'>verteris,</span> <span class='ocrx_word' id='word_1_397' title='bbox 2202 3476 2341 3547; x_wconf 90' lang='lat' dir='ltr'>nullum</span> 
     </span>
     <span class='ocr_line' id='line_1_74' title="bbox 1352 3578 2343 3677; baseline -0.012 -20"><span class='ocrx_word' id='word_1_398' title='bbox 1352 3588 1498 3657; x_wconf 88' lang='lat' dir='ltr'>brutum</span> <span class='ocrx_word' id='word_1_399' title='bbox 1516 3598 1569 3657; x_wconf 90' lang='lat' dir='ltr'>est</span> <span class='ocrx_word' id='word_1_400' title='bbox 1589 3580 1718 3653; x_wconf 88' lang='lat' dir='ltr'>bomo:</span> <span class='ocrx_word' id='word_1_401' title='bbox 1752 3585 1801 3654; x_wconf 91' lang='lat' dir='ltr'>sic</span> <span class='ocrx_word' id='word_1_402' title='bbox 1824 3583 2000 3677; x_wconf 90' lang='lat' dir='ltr'>quaedam</span> <span class='ocrx_word' id='word_1_403' title='bbox 2024 3582 2189 3671; x_wconf 90' lang='lat' dir='ltr'>voluptas</span> <span class='ocrx_word' id='word_1_404' title='bbox 2212 3592 2265 3650; x_wconf 92' lang='lat' dir='ltr'>est</span> <span class='ocrx_word' id='word_1_405' title='bbox 2279 3578 2343 3646; x_wconf 91' lang='lat' dir='ltr'>bo-</span> 
     </span>
     <span class='ocr_line' id='line_1_75' title="bbox 1353 3684 2342 3780; baseline -0.007 -22"><span class='ocrx_word' id='word_1_406' title='bbox 1353 3712 1421 3772; x_wconf 89' lang='lat' dir='ltr'>na,</span> <span class='ocrx_word' id='word_1_407' title='bbox 1448 3700 1529 3780; x_wconf 90' lang='lat' dir='ltr'>apte</span> <span class='ocrx_word' id='word_1_408' title='bbox 1550 3687 1720 3771; x_wconf 84' lang='lat' dir='ltr'>verteris,</span> <span class='ocrx_word' id='word_1_409' title='bbox 1744 3686 1880 3755; x_wconf 91' lang='lat' dir='ltr'>bonum</span> <span class='ocrx_word' id='word_1_410' title='bbox 1897 3686 2078 3778; x_wconf 91' lang='lat' dir='ltr'>quoddam</span> <span class='ocrx_word' id='word_1_411' title='bbox 2096 3684 2262 3773; x_wconf 88' lang='lat' dir='ltr'>voluptas</span> <span class='ocrx_word' id='word_1_412' title='bbox 2279 3692 2342 3751; x_wconf 90' lang='lat' dir='ltr'>est.</span> 
     </span>
     <span class='ocr_line' id='line_1_76' title="bbox 1352 3788 2343 3880; baseline -0.007 -20"><span class='ocrx_word' id='word_1_413' title='bbox 1352 3792 1524 3862; x_wconf 85' lang='lat' dir='ltr'>Formam</span> <span class='ocrx_word' id='word_1_414' title='bbox 1542 3789 1690 3857; x_wconf 91' lang='lat' dir='ltr'>alteram</span> <span class='ocrx_word' id='word_1_415' title='bbox 1707 3812 1771 3880; x_wconf 88' lang='lat' dir='ltr'>per</span> <span class='ocrx_word' id='word_1_416' title='bbox 1788 3788 1970 3870; x_wconf 88' lang='lat' dir='ltr'>accidens,</span> <span class='ocrx_word' id='word_1_417' title='bbox 1997 3799 2146 3869; x_wconf 90' lang='lat' dir='ltr'>vocant,</span> <span class='ocrx_word' id='word_1_418' title='bbox 2170 3810 2242 3878; x_wconf 90' lang='lat' dir='ltr'>qua</span> <span class='ocrx_word' id='word_1_419' title='bbox 2264 3806 2343 3853; x_wconf 89' lang='lat' dir='ltr'>mu·</span> 
     </span>
     <span class='ocr_line' id='line_1_77' title="bbox 1354 3885 2342 3984; baseline -0.009 -22"><span class='ocrx_word' id='word_1_420' title='bbox 1354 3906 1477 3963; x_wconf 89' lang='lat' dir='ltr'>tantur</span> <span class='ocrx_word' id='word_1_421' title='bbox 1491 3891 1612 3982; x_wconf 90' lang='lat' dir='ltr'>sigua,</span> <span class='ocrx_word' id='word_1_422' title='bbox 1640 3903 1748 3984; x_wconf 90' lang='lat' dir='ltr'>atque</span> <span class='ocrx_word' id='word_1_423' title='bbox 1765 3885 1832 3959; x_wconf 89' lang='lat' dir='ltr'>hac</span> <span class='ocrx_word' id='word_1_424' title='bbox 1847 3893 1998 3961; x_wconf 85' lang='lat' dir='ltr'>utuntur</span> <span class='ocrx_word' id='word_1_425' title='bbox 2011 3888 2245 3980; x_wconf 88' lang='lat' dir='ltr'>pronuntiata</span> <span class='ocrx_word' id='word_1_426' title='bbox 2263 3885 2342 3955; x_wconf 91' lang='lat' dir='ltr'>uni-</span> 
     </span>
     <span class='ocr_line' id='line_1_78' title="bbox 1354 3990 2342 4082; baseline -0.011 -17"><span class='ocrx_word' id='word_1_427' title='bbox 1354 3994 1504 4065; x_wconf 87' lang='lat' dir='ltr'>versalia</span> <span class='ocrx_word' id='word_1_428' title='bbox 1521 3994 1753 4075; x_wconf 87' lang='lat' dir='ltr'>affirmativa,</span> <span class='ocrx_word' id='word_1_429' title='bbox 1778 4006 1819 4062; x_wconf 92' lang='lat' dir='ltr'>ut</span> <span class='ocrx_word' id='word_1_430' title='bbox 1833 3992 1950 4063; x_wconf 93' lang='lat' dir='ltr'>omnis</span> <span class='ocrx_word' id='word_1_431' title='bbox 1967 3992 2133 4082; x_wconf 92' lang='lat' dir='ltr'>voluptas</span> <span class='ocrx_word' id='word_1_432' title='bbox 2156 3990 2253 4057; x_wconf 91' lang='lat' dir='ltr'>bona</span> <span class='ocrx_word' id='word_1_433' title='bbox 2278 3997 2342 4069; x_wconf 89' lang='lat' dir='ltr'>est,</span> 
     </span>
     <span class='ocr_line' id='line_1_79' title="bbox 1356 4092 2342 4191; baseline -0.011 -23"><span class='ocrx_word' id='word_1_434' title='bbox 1356 4111 1439 4191; x_wconf 88' lang='lat' dir='ltr'>apte</span> <span class='ocrx_word' id='word_1_435' title='bbox 1454 4096 1623 4181; x_wconf 88' lang='lat' dir='ltr'>verteris,</span> <span class='ocrx_word' id='word_1_436' title='bbox 1648 4097 1785 4165; x_wconf 91' lang='lat' dir='ltr'>bonum</span> <span class='ocrx_word' id='word_1_437' title='bbox 1800 4097 1982 4189; x_wconf 88' lang='lat' dir='ltr'>quoddam</span> <span class='ocrx_word' id='word_1_438' title='bbox 2006 4105 2058 4162; x_wconf 92' lang='lat' dir='ltr'>est</span> <span class='ocrx_word' id='word_1_439' title='bbox 2080 4092 2263 4181; x_wconf 89' lang='lat' dir='ltr'>voluptas,</span> <span class='ocrx_word' id='word_1_440' title='bbox 2290 4100 2342 4157; x_wconf 87' lang='lat' dir='ltr'>at-</span> 
     </span>
     <span class='ocr_line' id='line_1_80' title="bbox 1355 4181 2416 4295; baseline -0.013 -24"><span class='ocrx_word' id='word_1_441' title='bbox 1355 4226 1425 4295; x_wconf 89' lang='lat' dir='ltr'>que</span> <span class='ocrx_word' id='word_1_442' title='bbox 1436 4196 1496 4268; x_wconf 91' lang='lat' dir='ltr'>hic</span> <span class='ocrx_word' id='word_1_443' title='bbox 1509 4200 1626 4282; x_wconf 89' lang='lat' dir='ltr'>vides,</span> <span class='ocrx_word' id='word_1_444' title='bbox 1650 4212 1691 4268; x_wconf 90' lang='lat' dir='ltr'>ut</span> <span class='ocrx_word' id='word_1_445' title='bbox 1703 4196 1756 4268; x_wconf 92' lang='lat' dir='ltr'>vis</span> <span class='ocrx_word' id='word_1_446' title='bbox 1769 4196 1971 4287; x_wconf 90' lang='lat' dir='ltr'>negationis</span> <span class='ocrx_word' id='word_1_447' title='bbox 1987 4192 2199 4264; x_wconf 89' lang='lat' dir='ltr'>universalis</span> <span class='ocrx_word' id='word_1_448' title='bbox 2212 4189 2343 4260; x_wconf 87' lang='lat' dir='ltr'>diffun-</span> <span class='ocrx_word' id='word_1_449' title='bbox 2405 4181 2416 4192; x_wconf 74' lang='grc'><em>’</em></span> 
     </span>
     <span class='ocr_line' id='line_1_81' title="bbox 1355 4290 2344 4390; baseline -0.013 -16"><span class='ocrx_word' id='word_1_450' title='bbox 1355 4303 1525 4374; x_wconf 89' lang='lat' dir='ltr'>daturin</span> <span class='ocrx_word' id='word_1_451' title='bbox 1553 4324 1677 4371; x_wconf 88' lang='lat' dir='ltr'>omnes</span> <span class='ocrx_word' id='word_1_452' title='bbox 1709 4299 1932 4390; x_wconf 88' lang='lat' dir='ltr'>pronuntiati</span> <span class='ocrx_word' id='word_1_453' title='bbox 1962 4308 2101 4389; x_wconf 88' lang='lat' dir='ltr'>partes,</span> <span class='ocrx_word' id='word_1_454' title='bbox 2141 4290 2344 4363; x_wconf 87' lang='lat' dir='ltr'>affirmandi</span> 
     </span>
     <span class='ocr_line' id='line_1_82' title="bbox 1356 4392 2343 4496; baseline -0.013 -20"><span class='ocrx_word' id='word_1_455' title='bbox 1356 4406 1497 4496; x_wconf 89' lang='lat' dir='ltr'>signum</span> <span class='ocrx_word' id='word_1_456' title='bbox 1518 4427 1594 4473; x_wconf 90' lang='lat' dir='ltr'>non</span> <span class='ocrx_word' id='word_1_457' title='bbox 1620 4402 1718 4472; x_wconf 88' lang='lat' dir='ltr'>item.</span> <span class='ocrx_word' id='word_1_458' title='bbox 1784 4400 1905 4495; x_wconf 83' lang='lat' dir='ltr'>Quare</span> <span class='ocrx_word' id='word_1_459' title='bbox 1937 4398 2149 4469; x_wconf 90' lang='lat' dir='ltr'>universalis</span> <span class='ocrx_word' id='word_1_460' title='bbox 2178 4392 2343 4488; x_wconf 80' lang='lat' dir='ltr'>negativa</span> 
     </span>
     <span class='ocr_line' id='line_1_83' title="bbox 1356 4490 2343 4599; baseline -0.013 -21"><span class='ocrx_word' id='word_1_461' title='bbox 1356 4506 1565 4599; x_wconf 89' lang='lat' dir='ltr'>simpliciter</span> <span class='ocrx_word' id='word_1_462' title='bbox 1582 4503 1753 4586; x_wconf 91' lang='lat' dir='ltr'>vertitur,</span> <span class='ocrx_word' id='word_1_463' title='bbox 1779 4502 1990 4573; x_wconf 87' lang='lat' dir='ltr'>affirmativa</span> <span class='ocrx_word' id='word_1_464' title='bbox 2006 4524 2072 4593; x_wconf 90' lang='lat' dir='ltr'>per</span> <span class='ocrx_word' id='word_1_465' title='bbox 2087 4499 2261 4569; x_wconf 90' lang='lat' dir='ltr'>accidens.</span> <span class='ocrx_word' id='word_1_466' title='bbox 2301 4490 2343 4565; x_wconf 92' lang='lat' dir='ltr'>ln</span> 
     </span>
     <span class='ocr_line' id='line_1_84' title="bbox 1357 4598 2343 4699; baseline -0.014 -18"><span class='ocrx_word' id='word_1_467' title='bbox 1357 4633 1478 4681; x_wconf 89' lang='lat' dir='ltr'>caussa</span> <span class='ocrx_word' id='word_1_468' title='bbox 1495 4621 1548 4678; x_wconf 87' lang='lat' dir='ltr'>est</span> <span class='ocrx_word' id='word_1_469' title='bbox 1562 4608 1638 4699; x_wconf 87' lang='lat' dir='ltr'>ipsa</span> <span class='ocrx_word' id='word_1_470' title='bbox 1654 4608 1828 4676; x_wconf 88' lang='lat' dir='ltr'>sermonis</span> <span class='ocrx_word' id='word_1_471' title='bbox 1845 4605 1958 4675; x_wconf 88' lang='lat' dir='ltr'>nostri</span> <span class='ocrx_word' id='word_1_472' title='bbox 1974 4603 2188 4696; x_wconf 89' lang='lat' dir='ltr'>proprietas.</span> <span class='ocrx_word' id='word_1_473' title='bbox 2225 4598 2343 4689; x_wconf 88' lang='lat' dir='ltr'>Vulgo</span> 
     </span>
     <span class='ocr_line' id='line_1_85' title="bbox 1357 4700 2344 4801; baseline -0.012 -19"><span class='ocrx_word' id='word_1_474' title='bbox 1357 4709 1532 4783; x_wconf 88' lang='lat' dir='ltr'>dialectici</span> <span class='ocrx_word' id='word_1_475' title='bbox 1548 4721 1584 4778; x_wconf 91' lang='lat' dir='ltr'>et</span> <span class='ocrx_word' id='word_1_476' title='bbox 1604 4707 1918 4801; x_wconf 89' lang='lat' dir='ltr'>aequipollentias,</span> <span class='ocrx_word' id='word_1_477' title='bbox 1944 4719 1984 4776; x_wconf 93' lang='lat' dir='ltr'>ut</span> <span class='ocrx_word' id='word_1_478' title='bbox 2000 4718 2150 4787; x_wconf 88' lang='lat' dir='ltr'>vocant,</span> <span class='ocrx_word' id='word_1_479' title='bbox 2171 4700 2344 4796; x_wconf 90' lang='lat' dir='ltr'>praescri-</span> 
     </span>
     <span class='ocr_line' id='line_1_86' title="bbox 1357 4802 2344 4903; baseline -0.014 -18"><span class='ocrx_word' id='word_1_480' title='bbox 1357 4817 1466 4897; x_wconf 90' lang='lat' dir='ltr'>bunt,</span> <span class='ocrx_word' id='word_1_481' title='bbox 1500 4812 1597 4881; x_wconf 90' lang='lat' dir='ltr'>etin</span> <span class='ocrx_word' id='word_1_482' title='bbox 1622 4811 1939 4903; x_wconf 90' lang='lat' dir='ltr'>pronuntiatorum</span> <span class='ocrx_word' id='word_1_483' title='bbox 1962 4807 2102 4876; x_wconf 90' lang='lat' dir='ltr'>ratione</span> <span class='ocrx_word' id='word_1_484' title='bbox 2127 4806 2187 4875; x_wconf 82' lang='lat' dir='ltr'>vix</span> <span class='ocrx_word' id='word_1_485' title='bbox 2208 4805 2247 4873; x_wconf 93' lang='lat' dir='ltr'>in</span> <span class='ocrx_word' id='word_1_486' title='bbox 2268 4802 2344 4873; x_wconf 92' lang='lat' dir='ltr'>ullo</span> 
     </span>
     <span class='ocr_line' id='line_1_87' title="bbox 1357 4901 2345 5007; baseline -0.011 -21"><span class='ocrx_word' id='word_1_487' title='bbox 1357 4920 1438 4987; x_wconf 93' lang='lat' dir='ltr'>loco</span> <span class='ocrx_word' id='word_1_488' title='bbox 1466 4914 1545 5007; x_wconf 89' lang='lat' dir='ltr'>plus</span> <span class='ocrx_word' id='word_1_489' title='bbox 1572 4913 1705 5005; x_wconf 87' lang='lat' dir='ltr'>negotii</span> <span class='ocrx_word' id='word_1_490' title='bbox 1731 4925 1783 4983; x_wconf 89' lang='lat' dir='ltr'>est</span> <span class='ocrx_word' id='word_1_491' title='bbox 1806 4910 2052 4983; x_wconf 81' lang='lat' dir='ltr'>Aristotelicis.</span> <span class='ocrx_word' id='word_1_492' title='bbox 2102 4906 2237 4977; x_wconf 90' lang='lat' dir='ltr'>Verum</span> <span class='ocrx_word' id='word_1_493' title='bbox 2266 4901 2345 4988; x_wconf 85' lang='lat' dir='ltr'>bas,</span> 
     </span>
     <span class='ocr_line' id='line_1_88' title="bbox 1358 5008 2345 5109; baseline -0.014 -18"><span class='ocrx_word' id='word_1_494' title='bbox 1358 5044 1440 5090; x_wconf 89' lang='lat' dir='ltr'>cum</span> <span class='ocrx_word' id='word_1_495' title='bbox 1453 5017 1560 5109; x_wconf 89' lang='lat' dir='ltr'>plane</span> <span class='ocrx_word' id='word_1_496' title='bbox 1576 5017 1621 5085; x_wconf 90' lang='lat' dir='ltr'>ad</span> <span class='ocrx_word' id='word_1_497' title='bbox 1635 5015 1887 5107; x_wconf 87' lang='lat' dir='ltr'>grammaticos</span> <span class='ocrx_word' id='word_1_498' title='bbox 1899 5013 2077 5106; x_wconf 89' lang='lat' dir='ltr'>pertinere</span> <span class='ocrx_word' id='word_1_499' title='bbox 2091 5008 2345 5101; x_wconf 87' lang='lat' dir='ltr'>intelligamus,</span> 
     </span>
     <span class='ocr_line' id='line_1_89' title="bbox 1359 5112 2344 5217; baseline -0.014 -26"><span class='ocrx_word' id='word_1_500' title='bbox 1359 5121 1446 5217; x_wconf 94' lang='lat' dir='ltr'>quid</span> <span class='ocrx_word' id='word_1_501' title='bbox 1461 5119 1589 5189; x_wconf 90' lang='lat' dir='ltr'>attinet</span> <span class='ocrx_word' id='word_1_502' title='bbox 1607 5113 1667 5187; x_wconf 91' lang='lat' dir='ltr'>bic</span> <span class='ocrx_word' id='word_1_503' title='bbox 1687 5115 1873 5209; x_wconf 80' lang='lat' dir='ltr'>repetere?</span> <span class='ocrx_word' id='word_1_504' title='bbox 1921 5112 1979 5183; x_wconf 83' lang='lat' dir='ltr'>An</span> <span class='ocrx_word' id='word_1_505' title='bbox 2002 5112 2191 5208; x_wconf 91' lang='lat' dir='ltr'>quisquam</span> <span class='ocrx_word' id='word_1_506' title='bbox 2214 5132 2344 5203; x_wconf 90' lang='lat' dir='ltr'>puero-</span> 
     </span>
     <span class='ocr_line' id='line_1_90' title="bbox 1357 5210 2343 5315; baseline -0.018 -20"><span class='ocrx_word' id='word_1_507' title='bbox 1357 5248 1439 5295; x_wconf 89' lang='lat' dir='ltr'>rum</span> <span class='ocrx_word' id='word_1_508' title='bbox 1455 5234 1527 5305; x_wconf 89' lang='lat' dir='ltr'>est,</span> <span class='ocrx_word' id='word_1_509' title='bbox 1553 5220 1616 5315; x_wconf 92' lang='lat' dir='ltr'>qui</span> <span class='ocrx_word' id='word_1_510' title='bbox 1633 5220 1775 5311; x_wconf 87' lang='lat' dir='ltr'>ignoret</span> <span class='ocrx_word' id='word_1_511' title='bbox 1787 5219 1881 5288; x_wconf 89' lang='lat' dir='ltr'>idem</span> <span class='ocrx_word' id='word_1_512' title='bbox 1903 5240 1997 5301; x_wconf 89' lang='lat' dir='ltr'>esse,</span> <span class='ocrx_word' id='word_1_513' title='bbox 2022 5240 2129 5285; x_wconf 92' lang='lat' dir='ltr'>nemo</span> <span class='ocrx_word' id='word_1_514' title='bbox 2154 5210 2343 5284; x_wconf 89' lang='lat' dir='ltr'>hominurn</span> 
     </span>
     <span class='ocr_line' id='line_1_91' title="bbox 1358 5310 2346 5415; baseline -0.014 -20"><span class='ocrx_word' id='word_1_515' title='bbox 1358 5350 1433 5395; x_wconf 93' lang='lat' dir='ltr'>non</span> <span class='ocrx_word' id='word_1_516' title='bbox 1467 5336 1519 5394; x_wconf 88' lang='lat' dir='ltr'>est</span> <span class='ocrx_word' id='word_1_517' title='bbox 1552 5323 1666 5415; x_wconf 68' lang='lat' dir='ltr'>pius,</span> <span class='ocrx_word' id='word_1_518' title='bbox 1694 5323 1813 5415; x_wconf 90' lang='lat' dir='ltr'>quod,</span> <span class='ocrx_word' id='word_1_519' title='bbox 1859 5320 1976 5389; x_wconf 90' lang='lat' dir='ltr'>omnis</span> <span class='ocrx_word' id='word_1_520' title='bbox 2009 5313 2119 5387; x_wconf 90' lang='lat' dir='ltr'>homo</span> <span class='ocrx_word' id='word_1_521' title='bbox 2153 5328 2206 5387; x_wconf 88' lang='grc' dir='ltr'>εει</span> <span class='ocrx_word' id='word_1_522' title='bbox 2240 5310 2346 5405; x_wconf 77' lang='lat' dir='ltr'>pius?</span> 
     </span>
     <span class='ocr_line' id='line_1_92' title="bbox 1359 5414 2344 5522; baseline -0.015 -25"><span class='ocrx_word' id='word_1_523' title='bbox 1359 5428 1482 5522; x_wconf 88' lang='lat' dir='ltr'>Quare</span> <span class='ocrx_word' id='word_1_524' title='bbox 1496 5439 1531 5495; x_wconf 92' lang='lat' dir='ltr'>te</span> <span class='ocrx_word' id='word_1_525' title='bbox 1555 5416 1667 5494; x_wconf 88' lang='lat' dir='ltr'>lector</span> <span class='ocrx_word' id='word_1_526' title='bbox 1683 5425 1860 5493; x_wconf 88' lang='lat' dir='ltr'>admoneo</span> <span class='ocrx_word' id='word_1_527' title='bbox 1869 5421 1938 5520; x_wconf 78' lang='lat'>⁸⁸),</span> <span class='ocrx_word' id='word_1_528' title='bbox 1972 5419 2084 5511; x_wconf 90' lang='lat' dir='ltr'>magis</span> <span class='ocrx_word' id='word_1_529' title='bbox 2103 5444 2147 5488; x_wconf 80' lang='lat' dir='ltr'>ex</span> <span class='ocrx_word' id='word_1_530' title='bbox 2167 5418 2243 5509; x_wconf 90' lang='lat' dir='ltr'>ipsa</span> <span class='ocrx_word' id='word_1_531' title='bbox 2268 5414 2344 5483; x_wconf 89' lang='lat' dir='ltr'>vul·</span> 
     </span>
     <span class='ocr_line' id='line_1_93' title="bbox 1358 5515 2345 5622; baseline -0.017 -23"><span class='ocrx_word' id='word_1_532' title='bbox 1358 5530 1453 5622; x_wconf 88' lang='lat' dir='ltr'>garis</span> <span class='ocrx_word' id='word_1_533' title='bbox 1469 5527 1644 5599; x_wconf 87' lang='lat' dir='ltr'>sermonis</span> <span class='ocrx_word' id='word_1_534' title='bbox 1659 5526 1798 5595; x_wconf 91' lang='lat' dir='ltr'>ratione</span> <span class='ocrx_word' id='word_1_535' title='bbox 1816 5524 1903 5595; x_wconf 88' lang='lat' dir='ltr'>velis</span> <span class='ocrx_word' id='word_1_536' title='bbox 1928 5519 2246 5617; x_wconf 92' lang='lat' dir='ltr'>aequipollentium</span> <span class='ocrx_word' id='word_1_537' title='bbox 2272 5515 2345 5584; x_wconf 89' lang='lat' dir='ltr'>vim</span> 
     </span>
     <span class='ocr_line' id='line_1_94' title="bbox 1359 5618 2346 5724; baseline -0.017 -21"><span class='ocrx_word' id='word_1_538' title='bbox 1359 5632 1543 5724; x_wconf 87' lang='lat' dir='ltr'>colligere,</span> <span class='ocrx_word' id='word_1_539' title='bbox 1568 5654 1674 5722; x_wconf 92' lang='lat' dir='ltr'>quam</span> <span class='ocrx_word' id='word_1_540' title='bbox 1699 5653 1742 5699; x_wconf 83' lang='lat' dir='ltr'>ex</span> <span class='ocrx_word' id='word_1_541' title='bbox 1764 5628 1916 5699; x_wconf 89' lang='lat' dir='ltr'>istorum</span> <span class='ocrx_word' id='word_1_542' title='bbox 1939 5624 2080 5717; x_wconf 87' lang='lat' dir='ltr'>regulis.</span> <span class='ocrx_word' id='word_1_543' title='bbox 2131 5618 2228 5705; x_wconf 90' lang='lat' dir='ltr'>lam,</span> <span class='ocrx_word' id='word_1_544' title='bbox 2253 5640 2346 5712; x_wconf 89' lang='lat' dir='ltr'>quae</span> 
     </span>
    </p>
   </div>
   <div class='ocr_carea' id='block_1_22' title="bbox 1257 5823 2346 5900">
    <p class='ocr_par' dir='ltr' id='par_1_26' title="bbox 1257 5823 2346 5900">
     <span class='ocr_line' id='line_1_95' title="bbox 1257 5823 2346 5900; baseline -0.014 -10"><span class='ocrx_word' id='word_1_545' title='bbox 1257 5861 1261 5866; x_wconf 94' lang='lat'>·</span> <span class='ocrx_word' id='word_1_546' title='bbox 1373 5823 1443 5897; x_wconf 69' lang='grc'>’84)</span> <span class='ocrx_word' id='word_1_547' title='bbox 1459 5836 1559 5886; x_wconf 82' lang='grc' dir='ltr'><strong>Διιιιοι.</strong></span> <span class='ocrx_word' id='word_1_548' title='bbox 1577 5844 1683 5900; x_wconf 60' lang='lat' dir='ltr'>urge</span> <span class='ocrx_word' id='word_1_549' title='bbox 1707 5832 1861 5888; x_wconf 75' lang='lat' dir='ltr'>corallion</span> <span class='ocrx_word' id='word_1_550' title='bbox 1880 5829 1923 5897; x_wconf 84' lang='lat' dir='ltr'>(ln</span> <span class='ocrx_word' id='word_1_551' title='bbox 1940 5830 1989 5882; x_wconf 76' lang='lat' dir='ltr'>Ed</span> <span class='ocrx_word' id='word_1_552' title='bbox 2003 5828 2030 5881; x_wconf 71' lang='grc' dir='ltr'><strong>ι.</strong></span> <span class='ocrx_word' id='word_1_553' title='bbox 2047 5828 2117 5879; x_wconf 74' lang='lat' dir='ltr'>heco</span> <span class='ocrx_word' id='word_1_554' title='bbox 2133 5826 2228 5878; x_wconf 82' lang='lat' dir='ltr'>annot.</span> <span class='ocrx_word' id='word_1_555' title='bbox 2242 5824 2346 5885; x_wconf 75' lang='lat' dir='ltr'>deut).</span> 
     </span>
    </p>
   </div>
   <div class='ocr_carea' id='block_1_23' title="bbox 0 0 2790 6692">
    <p class='ocr_par' dir='ltr' id='par_1_27' title="bbox 0 0 2790 6692">
     <span class='ocr_line' id='line_1_96' title="bbox 0 0 2790 6692; baseline 0 0"><span class='ocrx_word' id='word_1_556' title='bbox 0 0 2790 6692; x_wconf 95' lang='lat' dir='ltr'> </span> 
     </span>
    </p>
   </div>
  </div>
 </body>
</html>
