5534 6700
308 628 386 699 ets

361 797 469 867 Tollo

361 900 482 971 Psallo

625 796 752 868 sustuli
796 797 975 868 sublatum
991 793 1045 892 ⁹),
1072 788 1279 890 oisa'ptolos

629 899 756 992 psalli,
781 900 859 970 sine
882 897 1025 991 supino.

756 1051 844 1124 ΜΟ.
930 1057 932 1060 ⁴

411 1169 610 1241 Praeterita
636 1171 806 1242 desinunt
824 1171 864 1240 in
891 1169 930 1242 ui
952 1171 1041 1242 duas
1065 1172 1240 1266 syllabas,
1273 1173 1304 1241 si

311 1273 445 1342 vocalis
460 1286 543 1343 ante
557 1298 619 1344 mo
634 1274 752 1346 brevis
767 1275 807 1344 in
820 1269 979 1344 themate
994 1275 1121 1359 fuerit,
1153 1274 1193 1343 in
1211 1273 1303 1344 itum

311 1374 438 1467 supina
454 1376 557 1448 liunt.

362 1492 479 1563 Gemo
631 1493 752 1584 gemui
906 1492 1091 1584 gemitum.

731 1625 883 1720 Excipe:

264 1742 266 1751 '
358 1744 453 1816 Emo
606 1745 679 1815 emi

361 1846 516 1917 Redimo
605 1849 743 1918 redemi
831 1851 1058 1940 redemptum

361 1951 494 2021 Premo
605 1950 720 2042 pressi
829 1975 1005 2043 pressum.

414 2070 505 2141 Cum
520 2067 628 2162 longa
646 2070 781 2141 vocalis
797 2070 835 2140 in
850 2067 1008 2141 themate
1020 2066 1202 2163 praecedit
1219 2064 1302 2137 nlti-

309 2196 409 2242 mam
432 2171 629 2266 syllabam,
669 2174 863 2267 praeterita
886 2175 925 2244 in
949 2173 1006 2267 psi
1029 2174 1139 2255 fiunt,
1172 2167 1300 2261 supina

309 2275 350 2344 in
370 2287 486 2366 ptum.

363 2375 475 2445 Sumo
689 2377 826 2468 sumpsi
928 2387 1111 2466 sumptum

362 2475 478 2546 Como
691 2478 830 2569 compsi
926 2489 1111 2568 comptum

364 2577 423 2647 Sic
437 2590 473 2647 et
487 2579 593 2649 demo
689 2580 830 2672 dempsi
926 2580 1124 2670 demptum.

769 2747 851 2822 ΝΟ.

398 2864 614 2946 ¹Praeterita
642 2866 811 2939 desinunt
840 2867 880 2936 in
912 2866 949 2935 vi
974 2885 1086 2937 unam
1116 2862 1304 2957 syllabam,

310 2967 440 3060 supina
462 2967 502 3037 in
527 2980 617 3039 tum.
1143 2969 1145 2972 ’

253 3090 255 3095 ’
362 3085 492 3157 Sterno

362 3182 456 3258 Sino¹
646 3186 717 3258 sivi
916 3185 1026 3256 situm

362 3286 458 3361 Lino
644 3288 717 3360 levi
915 3287 1041 3369 litum,

312 3410 409 3504 apud
417 3407 629 3480 Terentium
646 3405 769 3478 relevi.
803 3403 950 3476 Veteres
966 3404 1074 3475 etiam
1090 3401 1156 3473 lini
1170 3403 1303 3489 dixere,

311 3526 349 3583 et
363 3536 384 3582 a
398 3512 524 3595 linire,
550 3512 650 3605 quod
662 3507 862 3601 reperimus
883 3508 923 3587 in
947 3508 1070 3604 multis
1090 3507 1179 3579 locis
1199 3530 1303 3579 usur-

309 3628 438 3709 patum
454 3638 528 3685 esse
545 3636 613 3705 pro
629 3613 762 3695 linere,
788 3608 904 3681 linivi.

414 3733 448 3803 A
472 3757 583 3802 cerno
604 3745 741 3803 veteres
763 3730 860 3799 crevi
881 3753 949 3822 pro
973 3728 1048 3799 vidi
1069 3740 1303 3819 usurparunt,

311 3836 349 3907 id
363 3860 461 3907 nnnc
477 3834 646 3927 repudiat
658 3859 754 3907 usus.

729 3967 817 4039 Exci
845 3990 881 4036 e:

417 4088 518 4161 Cano
535 4088 667 4174 cecini,
693 4089 790 4160 unde
806 3992 1005 4179 cbmposita
1022 4087 1258 4179 degenerant:

362 4208 513 4280 Succino
537 4209 717 4293 succinui,
768 4206 905 4279 Occino
932 4204 1085 4277 occinui.
1177 4267 1180 4274 1

338 4339 340 4341 ·
360 4308 410 4380 Et
422 4335 522 4403 pono
677 4309 785 4404 posui
938 4308 1097 4402 positum

362 4412 504 4484 Temno
680 4412 810 4504 tempsi
942 4423 1120 4503 temptum

363 4512 481 4607 Gigno
681 4514 790 4608 genui
942 4513 1116 4604 genitum.

769 4680 848 4754 ΡΟ.

411 4799 502 4872 Cum
533 4803 546 4871 Ι
578 4814 642 4873 aut
673 4827 694 4872 r
723 4803 835 4874 anteit
863 4812 1082 4895 postremam
1113 4801 1301 4897 syllabam,

306 4903 504 4993 praeterita
521 4906 612 4975 fiunt
626 4904 665 4974 in
680 4905 757 4998 psi,
782 4906 910 4998 supina
926 4904 966 4972 in
982 4916 1097 4996 ptum.

361 5020 481 5115 Carpo
636 5026 755 5117 carpsi
909 5035 1071 5115 carptum

359 5124 463 5217 Repo
635 5128 733 5220 repsi
909 5138 1066 5218 ceptum.

726 5261 877 5357 Excipe:

639 5405 642 5411 ·
659 5382 742 5474 rupi
894 5393 1041 5475 ruptum

657 5484 793 5577 strepui
896 5484 1097 5576 strepitum.

648 3085 762 3156 stravi
914 3095 1079 3157 stratum.

358 5378 505 5473 Rumpo

358 5482 488 5576 Strepo

342 5748 667 5874 Qfffflmm]
686 5746 727 5799 slo
739 5746 790 5802 lto.
803 5760 829 5802 s.
841 5757 884 5820 ἧς
901 5746 987 5802 ratu.
996 5746 1085 5815 lm,
1098 5747 1190 5820 lm,
1205 5747 1299 5806 tm:

832 1759 1013 1838 emptum,
1040 1758 1076 1815 et
1091 1715 1309 1837 composita.v

954 623 1091 701 ,xcvo
1144 617 1473 696 essu-uanus
1499 617 1698 696 mama
1725 646 1732 717 ;

1793 791 1909 887 QUO.

1709 910 1801 1005 liqui
1955 910 2079 983 lictum

1711 1014 1791 1084 coxi
1955 1027 2107 1085 coctum.

1813 1147 1894 1222 lto,

1456 1265 1655 1337 Praeterita
1689 1268 1857 1339 desinunt
1887 1270 1925 1337 in
1954 1269 1991 1338 vi
2019 1277 2129 1338 unam
2162 1267 2349 1360 syllabam,

1355 1368 1483 1461 supina
1507 1369 1545 1437 in
1567 1383 1665 1453 tum,
1700 1393 1784 1438 nam
1808 1372 1845 1438 vi
1871 1370 2080 1464 simpliciter
2101 1367 2188 1443 κατ’
2212 1365 2349 1443 ἄναλο-

1353 1466 1446 1570 yios
1460 1471 1499 1539 in
1517 1484 1594 1543 tum
1610 1472 1745 1542 mutari
1761 1474 1863 1543 solet.

1407 1571 1504 1642 Tero
1682 1574 1768 1643 trivi
1923 1575 2050 1645 tritum

1405 1675 1553 1768 Quaero
1682 1677 1843 1770 quaesivi
1922 1675 2124 1771 quaesitum

1406 1777 1494 1848 Sero
1682 1778 1758 1848 sevi
1919 1792 2063 1860 satum,
2112 1800 2193 1876 nou¹
2240 1774 2349 1860 serui,

1354 1902 1466 1971 quam
1490 1876 1615 1949 vocem
1640 1893 1763 1950 tamen
1780 1881 1957 1974 quaedam
1974 1877 2175 1971 composita
2190 1879 2349 1950 retinue-

1354 1994 1460 2065 runt,
1484 1996 1695 2075 usurpatam
1714 1983 1822 2053 etiam
1838 1984 1878 2053 in
1894 1982 2047 2074 simplici
2072 1982 2183 2051 verbo
2206 2004 2226 2048 a
2248 1992 2348 2051 vetu-

1353 2083 1522 2156 stissimo.

1404 2183 1528 2258 lusero
1656 2187 1795 2259 inserui
1923 2187 2116 2267 insertum,
2143 2209 2224 2255 cum
2240 2184 2350 2275 signi·

1353 2289 1438 2357 licat
1456 2289 1649 2374 admisceo,
1675 2291 1882 2383 interpono,
1908 2302 1949 2362 ut
1964 2288 2130 2358 Tibullus
2146 2282 2348 2386 [l,1‚88.]:

1354 2388 1403 2459 Et
1418 2390 1514 2464 rixas
1527 2391 1720 2464 inseruisse
1740 2393 1852 2464 iuvat.
1912 2393 1971 2464 Sic
1995 2391 2163 2462 dicimus:
2197 2388 2350 2460 Homeri

1355 2495 1517 2582 poemati
1533 2492 1801 2587 quidam'notbi
1817 2519 1941 2566 versus
1964 2494 2090 2564 inserti
2112 2504 2207 2564 sunt.
2258 2490 2350 2561 Pro·

1356 2590 1507 2686 pbeticis
1523 2595 1624 2666 libris
1638 2593 1845 2689 apocrypha
1863 2599 2040 2691 quaedam
2058 2598 2191 2688 scripta
2214 2594 2349 2665 inserta

1407 908 1552 1005 Linquo

1406 1013 1533 1106 Coquo

1232 2722 1235 2726 ·
1356 2710 1451 2767 sunt.
1485 2696 1665 2768 Dicuntur
1681 2712 1824 2782 autem,
1848 2712 1889 2767 ut
1902 2696 1973 2768 boc
1988 2698 2105 2768 obiter
2123 2721 2349 2781 moneamus,

1357 2795 1586 2892 apocrypha,
1613 2801 1772 2884 occulta,
1798 2823 1894 2882 non,
1919 2813 1961 2871 ut
1983 2800 2091 2891 vulgo
2117 2810 2269 2890 putant,
2293 2799 2349 2866 in-

1357 2901 1445 2970 certi
1469 2903 1626 2986 antoris,
1651 2927 1714 2974 seu
1733 2898 1949 2994 ἀδέσποτα,
1980 2903 2043 2973 sed
2068 2903 2167 2996 quod
2189 2899 2260 2971 illis
2282 2924 2350 2992 pu,

1354 3001 1446 3073 blice
1459 3004 1497 3072 in
1513 3004 1657 3096 templis
1673 3029 1749 3075 non
1765 3004 1895 3074 licebat
1909 3005 1975 3074 uti.
2021 3003 2116 3076 Nam
2132 3003 2347 3072 inducenda

1355 3105 1530 3198 religione
1544 3105 1578 3198 ⁰)
1605 3107 1779 3178 nolebant
1803 3105 1994 3177 admisceri
2016 3101 2177 3177 humana
2204 3105 2349 3197 scripta.

1354 3203 1481 3303 Itaque
1510 3210 1791 3280 commentarios
1811 3205 2003 3280 bominum
2027 3233 2104 3278 non
2128 3206 2349 3300 recipiebant

1355 3309 1395 3380 in
1413 3311 1567 3404 templa,
1592 3334 1659 3383 nec
1674 3312 1904 3384 autoritatem
1921 3312 2066 3381 illorum
2082 3311 2203 3382 valere
2225 3311 2349 3382 volue-

1354 3428 1460 3498 runt,
1486 3428 1522 3483 et
1537 3413 1717 3487 iusserunt
1730 3411 1937 3508 apocrypha
1954 3439 2051 3498 esse,
2078 3415 2116 3483 id
2138 3428 2208 3497 est,
2234 3414 2348 3483 laten-

1354 3514 1427 3601 tia,
1451 3541 1527 3586 non
1546 3518 1709 3609 publica,
1733 3542 1810 3587 non
1825 3528 1967 3608 recepta
1986 3516 2130 3606 scripta.

1456 3633 1580 3706 lnsero
1594 3636 1709 3708 insevi
1723 3637 1884 3719 insitum,
1900 3660 1981 3706 cum
1996 3635 2173 3727 significat
2185 3633 2347 3727 impll'en,

1355 3730 1590 3837 ἐμφυτεύειν.

1458 3839 1617 3910 Consero
1631 3839 1797 3912 conserui
1809 3853 2025 3926 consertum,
2039 3864 2108 3933 pro
2121 3840 2347 3913 commisoeo.

1458 3941 1618 4013 Consero
1646 3944 1790 4015 consevi
1818 3943 2016 4027 consitum,
2048 3944 2191 4016 beseen.

1457 4043 1514 4116 Ab
1535 4047 1663 4118 obsero
1685 4046 1841 4119 obsitum
1865 4059 1972 4117 extat.

1406 4162 1555 4235 Caetera
1589 4166 1787 4258 composita
1819 4190 1896 4236 non
1924 4162 2061 4236 babent
2090 4165 2222 4256 duplex
2242 4184 2346 4255 prae·

1353 4265 1499 4338 teritum
1512 4295 1520 4336 :

1404 4383 1541 4457 Desero

1404 4486 1522 4558 Exero

1977 4388 2157 4457 desertum

1981 4501 2141 4560 exertum
2163 4497 2319 4557 tantum.

1695 4386 1838 4457 deserui

1697 4489 1820 4560 exerui

1440 4640 1592 4712 Ovidius
1610 4640 1636 4713 l.
1661 4641 1853 4715 Fastorum
1882 4641 1971 4741 [vss.
1991 4637 2261 4739 297-808.];

1424 4758 1555 4811 Foellses
1573 4759 1699 4827 tulnae,
1725 4762 1825 4825 qulbus
1839 4763 1908 4815 haec
1925 4774 2096 4827 cognoscere
2114 4760 2248 4825 prinus,

1491 4844 1577 4909 tuque
1595 4846 1690 4897 tonos
1707 4858 1826 4911 superas
1845 4847 1982 4899 scandere
2000 4858 2069 4899 curs
2085 4847 2146 4898 tult.

1422 4926 1562 4981 cnutone
1579 4930 1625 4979 est
1641 4928 1723 4995 illos,
1745 4929 1853 4994 psrlter
1871 4930 2001 4994 vltitsque
2018 4929 2141 4994 rosque

1491 5014 1587 5065 Altius
1604 5014 1730 5067 bunanls
1748 5014 1893 5067 exeruisse
1909 5017 2001 5090 capot.

1414 5099 1485 5151 -Non
1501 5100 1598 5151 venus
1617 5102 1645 5152 et
1660 5100 1754 5154 vtnnn
1772 5101 1901 5152 subttmta
1919 5102 2035 5165 pectora
2051 5100 2155 5167 trem,

1449 5188 1451 5192 '
1494 5184 1656 5237 onerum
1671 5187 1744 5253 tort,
1761 5188 1912 5240 aarum
1928 5189 2017 5239 labor.
2206 5187 2212 5198 '

1422 5269 1480 5320 Neo
1496 5270 1569 5320 levis
1584 5272 1714 5339 cnbltlo,
1739 5274 1907 5337 pertusoque
1924 5274 2018 5339 glorta
2033 5274 2113 5338 luco,

1491 5355 1710 5422 &meumque
1727 5359 1817 5411 tames
1836 5360 2001 5412 sollicitavit
2018 5370 2107 5422 opusc

1422 5440 1579 5492 Admovere
1595 5441 1685 5494 oculis
1702 5444 1838 5498 utstcutta
1854 5448 1949 5497 attera
1966 5444 2088 5510 uostrls,

1491 5527 1667 5594 acuemus
1683 5530 1794 5597 lngento
1812 5544 1988 5597 supposuere
2005 5542 2066 5583 sno.
2192 5539 2199 5546 ·

1353 5652 1560 5665 ——-------

1387 5740 1419 5811 s)
1437 5740 1465 5794 n
1483 5742 1607 5795 sousa·
1623 5745 1692 5807 nr]
1704 5746 1745 5799 su
1758 5747 1841 5802 rute.
1854 5749 1943 5813 issa,
1961 5724 1988 5804 ιζ
2001 5760 2045 5817 ·.;
2063 5748 2147 5802 aare
2160 5721 2249 5811 uss,
2264 5742 2343 5797 rasa.

1394 5841 1400 5850 ·
1421 5812 1549 5871 moute
1563 5811 1592 5864 ln
1607 5814 1747 5881 maore
