<?xml version="1.0" encoding="UTF-8"?>
<!DOCTYPE html PUBLIC "-//W3C//DTD XHTML 1.0 Transitional//EN"
    "http://www.w3.org/TR/xhtml1/DTD/xhtml1-transitional.dtd">
<html xmlns="http://www.w3.org/1999/xhtml" xml:lang="en" lang="en">
 <head>
  <title>
</title>
<meta http-equiv="Content-Type" content="text/html;charset=utf-8" />
  <meta name='ocr-system' content='tesseract 3.04.00' />
  <meta name='ocr-capabilities' content='ocr_page ocr_carea ocr_par ocr_line ocrx_word'/>
</head>
<body>
  <div class='ocr_page' id='page_1' title='image "./philippimelanth22melagoog/philippimelanth22melagoog_0159.png"; bbox 0 0 5534 6700; ppageno 0'>
   <div class='ocr_carea' id='block_1_1' title="bbox 281 736 1297 3290">
    <p class='ocr_par' dir='ltr' id='par_1_1' title="bbox 291 736 1290 1052">
     <span class='ocr_line' id='line_1_1' title="bbox 631 736 945 829; baseline 0.013 -20"><span class='ocrx_word' id='word_1_1' title='bbox 631 736 945 829; x_wconf 79' lang='lat' dir='ltr'>Significatio.</span> 
     </span>
     <span class='ocr_line' id='line_1_2' title="bbox 320 845 1290 954; baseline 0.007 -28"><span class='ocrx_word' id='word_1_2' title='bbox 320 900 329 910; x_wconf 90' lang='lat'><em>-</em></span> <span class='ocrx_word' id='word_1_3' title='bbox 394 857 493 927; x_wconf 83' lang='lat' dir='ltr'>Haec</span> <span class='ocrx_word' id='word_1_4' title='bbox 523 845 611 926; x_wconf 79' lang='lat' dir='ltr'>verd</span> <span class='ocrx_word' id='word_1_5' title='bbox 634 857 684 927; x_wconf 52' lang='lat' dir='ltr'>&gt;in</span> <span class='ocrx_word' id='word_1_6' title='bbox 718 857 845 949; x_wconf 82' lang='lat' dir='ltr'>primis</span> <span class='ocrx_word' id='word_1_7' title='bbox 876 873 928 931; x_wconf 91' lang='lat' dir='ltr'>est</span> <span class='ocrx_word' id='word_1_8' title='bbox 953 861 1128 933; x_wconf 90' lang='lat' dir='ltr'>tradenda</span> <span class='ocrx_word' id='word_1_9' title='bbox 1155 862 1290 954; x_wconf 90' lang='lat' dir='ltr'>pueris,</span> 
     </span>
     <span class='ocr_line' id='line_1_3' title="bbox 291 956 848 1052; baseline -0.005 -19"><span class='ocrx_word' id='word_1_10' title='bbox 291 985 379 1033; x_wconf 88' lang='lat' dir='ltr'>nam</span> <span class='ocrx_word' id='word_1_11' title='bbox 393 984 473 1031; x_wconf 90' lang='lat' dir='ltr'>non</span> <span class='ocrx_word' id='word_1_12' title='bbox 490 984 577 1030; x_wconf 87' lang='lat' dir='ltr'>raro</span> <span class='ocrx_word' id='word_1_13' title='bbox 595 956 654 1030; x_wconf 83' lang='lat' dir='ltr'>bie</span> <span class='ocrx_word' id='word_1_14' title='bbox 668 972 848 1052; x_wconf 86' lang='lat' dir='ltr'>peccatur.</span> 
     </span>
    </p>

    <p class='ocr_par' dir='ltr' id='par_1_2' title="bbox 291 1061 1289 1359">
     <span class='ocr_line' id='line_1_4' title="bbox 396 1061 1289 1155; baseline -0.001 -19"><span class='ocrx_word' id='word_1_15' title='bbox 396 1064 490 1136; x_wconf 83' lang='lat' dir='ltr'><strong>Sunt</strong></span> <span class='ocrx_word' id='word_1_16' title='bbox 507 1076 625 1132; x_wconf 88' lang='lat' dir='ltr'>autem</span> <span class='ocrx_word' id='word_1_17' title='bbox 642 1062 944 1133; x_wconf 85' lang='lat' dir='ltr'>demonstrativa:</span> <span class='ocrx_word' id='word_1_18' title='bbox 964 1061 1076 1155; x_wconf 72' lang='lat' dir='ltr'>Ego,</span> <span class='ocrx_word' id='word_1_19' title='bbox 1103 1066 1184 1151; x_wconf 86' lang='lat' dir='ltr'>Tu,</span> <span class='ocrx_word' id='word_1_20' title='bbox 1209 1066 1289 1152; x_wconf 85' lang='lat' dir='ltr'>llic,</span> 
     </span>
     <span class='ocr_line' id='line_1_5' title="bbox 291 1164 375 1238; baseline 0 0"><span class='ocrx_word' id='word_1_21' title='bbox 291 1164 375 1238; x_wconf 85' lang='lat' dir='ltr'>lste.</span> 
     </span>
     <span class='ocr_line' id='line_1_6' title="bbox 395 1263 903 1359; baseline 0.002 -22"><span class='ocrx_word' id='word_1_22' title='bbox 395 1267 581 1337; x_wconf 85' lang='lat' dir='ltr'>Relativa:</span> <span class='ocrx_word' id='word_1_23' title='bbox 614 1263 667 1350; x_wconf 90' lang='lat' dir='ltr'>Is,</span> <span class='ocrx_word' id='word_1_24' title='bbox 692 1263 791 1359; x_wconf 88' lang='lat' dir='ltr'>lpse,</span> <span class='ocrx_word' id='word_1_25' title='bbox 816 1265 903 1359; x_wconf 80' lang='lat' dir='ltr'>Qui.</span> 
     </span>
    </p>

    <p class='ocr_par' dir='ltr' id='par_1_3' title="bbox 290 1369 1290 1544">
     <span class='ocr_line' id='line_1_7' title="bbox 290 1369 1290 1454; baseline 0 -14"><span class='ocrx_word' id='word_1_26' title='bbox 290 1422 294 1431; x_wconf 88' lang='lat'>.</span> <span class='ocrx_word' id='word_1_27' title='bbox 396 1369 460 1440; x_wconf 90' lang='lat' dir='ltr'>llle</span> <span class='ocrx_word' id='word_1_28' title='bbox 493 1369 582 1440; x_wconf 87' lang='lat' dir='ltr'>alias</span> <span class='ocrx_word' id='word_1_29' title='bbox 615 1369 938 1440; x_wconf 85' lang='lat' dir='ltr'>demonstrativum</span> <span class='ocrx_word' id='word_1_30' title='bbox 974 1383 1047 1454; x_wconf 91' lang='lat' dir='ltr'>est,</span> <span class='ocrx_word' id='word_1_31' title='bbox 1082 1370 1171 1441; x_wconf 89' lang='lat' dir='ltr'>alias</span> <span class='ocrx_word' id='word_1_32' title='bbox 1198 1370 1290 1440; x_wconf 85' lang='lat' dir='ltr'>rela-</span> 
     </span>
     <span class='ocr_line' id='line_1_8' title="bbox 294 1475 421 1544; baseline 0 0"><span class='ocrx_word' id='word_1_33' title='bbox 294 1475 421 1544; x_wconf 89' lang='lat' dir='ltr'>tivum.</span> 
     </span>
    </p>

    <p class='ocr_par' dir='ltr' id='par_1_4' title="bbox 295 1568 1294 2791">
     <span class='ocr_line' id='line_1_9' title="bbox 397 1568 1292 1663; baseline -0.002 -17"><span class='ocrx_word' id='word_1_34' title='bbox 397 1575 461 1646; x_wconf 88' lang='lat' dir='ltr'>Sui</span> <span class='ocrx_word' id='word_1_35' title='bbox 490 1596 576 1642; x_wconf 92' lang='lat' dir='ltr'>vero</span> <span class='ocrx_word' id='word_1_36' title='bbox 608 1586 644 1642; x_wconf 91' lang='lat' dir='ltr'>et</span> <span class='ocrx_word' id='word_1_37' title='bbox 671 1598 755 1644; x_wconf 89' lang='lat' dir='ltr'>suus</span> <span class='ocrx_word' id='word_1_38' title='bbox 783 1572 966 1663; x_wconf 87' lang='lat' dir='ltr'>reciproca</span> <span class='ocrx_word' id='word_1_39' title='bbox 995 1585 1100 1657; x_wconf 90' lang='lat' dir='ltr'>sunt,</span> <span class='ocrx_word' id='word_1_40' title='bbox 1133 1568 1204 1642; x_wconf 90' lang='lat' dir='ltr'>boc</span> <span class='ocrx_word' id='word_1_41' title='bbox 1226 1585 1292 1657; x_wconf 86' lang='lat' dir='ltr'>est,</span> 
     </span>
     <span class='ocr_line' id='line_1_10' title="bbox 295 1676 1292 1768; baseline -0.005 -20"><span class='ocrx_word' id='word_1_42' title='bbox 295 1681 341 1748; x_wconf 92' lang='lat' dir='ltr'>ad</span> <span class='ocrx_word' id='word_1_43' title='bbox 362 1679 512 1747; x_wconf 88' lang='lat' dir='ltr'>eandem</span> <span class='ocrx_word' id='word_1_44' title='bbox 529 1699 722 1768; x_wconf 79' lang='lat' dir='ltr'>personam</span> <span class='ocrx_word' id='word_1_45' title='bbox 739 1676 910 1757; x_wconf 89' lang='lat' dir='ltr'>redeunt,</span> <span class='ocrx_word' id='word_1_46' title='bbox 934 1697 1027 1767; x_wconf 88' lang='lat' dir='ltr'>quae</span> <span class='ocrx_word' id='word_1_47' title='bbox 1042 1676 1292 1767; x_wconf 81' lang='lat' dir='ltr'>praecedebat,</span> 
     </span>
     <span class='ocr_line' id='line_1_11' title="bbox 298 1774 1292 1861; baseline -0.004 -12"><span class='ocrx_word' id='word_1_48' title='bbox 298 1805 385 1851; x_wconf 87' lang='lat' dir='ltr'>uam</span> <span class='ocrx_word' id='word_1_49' title='bbox 402 1781 551 1851; x_wconf 91' lang='lat' dir='ltr'>interest</span> <span class='ocrx_word' id='word_1_50' title='bbox 565 1779 659 1848; x_wconf 89' lang='lat' dir='ltr'>iuter</span> <span class='ocrx_word' id='word_1_51' title='bbox 672 1774 780 1850; x_wconf 87' lang='lat' dir='ltr'>haec:</span> <span class='ocrx_word' id='word_1_52' title='bbox 806 1776 916 1846; x_wconf 89' lang='lat' dir='ltr'>Pater</span> <span class='ocrx_word' id='word_1_53' title='bbox 932 1776 1042 1861; x_wconf 90' lang='lat' dir='ltr'>iubet,</span> <span class='ocrx_word' id='word_1_54' title='bbox 1062 1790 1104 1848; x_wconf 92' lang='lat' dir='ltr'>ut</span> <span class='ocrx_word' id='word_1_55' title='bbox 1117 1780 1163 1847; x_wconf 90' lang='lat' dir='ltr'>ad</span> <span class='ocrx_word' id='word_1_56' title='bbox 1179 1803 1216 1848; x_wconf 89' lang='lat' dir='ltr'>se</span> <span class='ocrx_word' id='word_1_57' title='bbox 1232 1801 1292 1846; x_wconf 90' lang='lat' dir='ltr'>ve-</span> 
     </span>
     <span class='ocr_line' id='line_1_12' title="bbox 299 1878 1290 1970; baseline -0.004 -18"><span class='ocrx_word' id='word_1_58' title='bbox 299 1885 389 1968; x_wconf 88' lang='lat' dir='ltr'>nias,</span> <span class='ocrx_word' id='word_1_59' title='bbox 416 1895 464 1965; x_wconf 91' lang='lat' dir='ltr'>et,</span> <span class='ocrx_word' id='word_1_60' title='bbox 489 1881 599 1951; x_wconf 90' lang='lat' dir='ltr'>Pater</span> <span class='ocrx_word' id='word_1_61' title='bbox 621 1881 732 1964; x_wconf 87' lang='lat' dir='ltr'>iubet,</span> <span class='ocrx_word' id='word_1_62' title='bbox 756 1892 797 1950; x_wconf 91' lang='lat' dir='ltr'>ut</span> <span class='ocrx_word' id='word_1_63' title='bbox 811 1882 857 1948; x_wconf 93' lang='lat' dir='ltr'>ad</span> <span class='ocrx_word' id='word_1_64' title='bbox 873 1878 991 1970; x_wconf 90' lang='lat' dir='ltr'>ipsum</span> <span class='ocrx_word' id='word_1_65' title='bbox 1008 1879 1143 1952; x_wconf 87' lang='lat' dir='ltr'>venias.</span> <span class='ocrx_word' id='word_1_66' title='bbox 1196 1879 1290 1950; x_wconf 88' lang='lat' dir='ltr'>Nam</span> 
     </span>
     <span class='ocr_line' id='line_1_13' title="bbox 299 1981 1292 2076; baseline -0.006 -20"><span class='ocrx_word' id='word_1_67' title='bbox 299 2010 380 2056; x_wconf 88' lang='lat' dir='ltr'>eum</span> <span class='ocrx_word' id='word_1_68' title='bbox 409 1983 562 2054; x_wconf 90' lang='lat' dir='ltr'>relativo</span> <span class='ocrx_word' id='word_1_69' title='bbox 586 1983 704 2076; x_wconf 81' lang='lat' dir='ltr'>ipsum</span> <span class='ocrx_word' id='word_1_70' title='bbox 726 1994 830 2066; x_wconf 88' lang='lat' dir='ltr'>utor,</span> <span class='ocrx_word' id='word_1_71' title='bbox 863 1981 1023 2072; x_wconf 82' lang='lat' dir='ltr'>significo</span> <span class='ocrx_word' id='word_1_72' title='bbox 1046 1983 1156 2054; x_wconf 91' lang='lat' dir='ltr'>alium</span> <span class='ocrx_word' id='word_1_73' title='bbox 1180 2006 1292 2075; x_wconf 90' lang='lat' dir='ltr'>quen-</span> 
     </span>
     <span class='ocr_line' id='line_1_14' title="bbox 298 2083 1292 2184; baseline -0.007 -25"><span class='ocrx_word' id='word_1_74' title='bbox 298 2091 403 2170; x_wconf 89' lang='lat' dir='ltr'>dam,</span> <span class='ocrx_word' id='word_1_75' title='bbox 427 2110 503 2157; x_wconf 90' lang='lat' dir='ltr'>non</span> <span class='ocrx_word' id='word_1_76' title='bbox 526 2099 679 2179; x_wconf 83' lang='lat' dir='ltr'>patrem.</span> <span class='ocrx_word' id='word_1_77' title='bbox 731 2085 795 2156; x_wconf 90' lang='lat' dir='ltr'>Bis</span> <span class='ocrx_word' id='word_1_78' title='bbox 817 2083 948 2169; x_wconf 87' lang='lat' dir='ltr'>vincit,</span> <span class='ocrx_word' id='word_1_79' title='bbox 979 2085 1100 2178; x_wconf 89' lang='lat' dir='ltr'>quise</span> <span class='ocrx_word' id='word_1_80' title='bbox 1125 2084 1292 2184; x_wconf 26' lang='lat' dir='ltr'>vincitlin</span> 
     </span>
     <span class='ocr_line' id='line_1_15' title="bbox 297 2186 1292 2281; baseline -0.008 -18"><span class='ocrx_word' id='word_1_81' title='bbox 297 2189 469 2273; x_wconf 78' lang='lat' dir='ltr'>victoria,</span> <span class='ocrx_word' id='word_1_82' title='bbox 508 2189 607 2260; x_wconf 89' lang='lat' dir='ltr'>alind</span> <span class='ocrx_word' id='word_1_83' title='bbox 637 2189 724 2272; x_wconf 90' lang='lat' dir='ltr'>erit,</span> <span class='ocrx_word' id='word_1_84' title='bbox 761 2187 792 2259; x_wconf 90' lang='lat' dir='ltr'>si</span> <span class='ocrx_word' id='word_1_85' title='bbox 819 2187 932 2257; x_wconf 86' lang='lat' dir='ltr'>dicas:</span> <span class='ocrx_word' id='word_1_86' title='bbox 977 2186 1040 2258; x_wconf 89' lang='lat' dir='ltr'>Bis</span> <span class='ocrx_word' id='word_1_87' title='bbox 1064 2188 1195 2270; x_wconf 89' lang='lat' dir='ltr'>vincit,</span> <span class='ocrx_word' id='word_1_88' title='bbox 1229 2187 1292 2281; x_wconf 90' lang='lat' dir='ltr'>qui</span> 
     </span>
     <span class='ocr_line' id='line_1_16' title="bbox 296 2286 1294 2385; baseline -0.004 -23"><span class='ocrx_word' id='word_1_89' title='bbox 296 2293 418 2385; x_wconf 88' lang='lat' dir='ltr'>ipsum</span> <span class='ocrx_word' id='word_1_90' title='bbox 442 2291 554 2361; x_wconf 89' lang='lat' dir='ltr'>vincit</span> <span class='ocrx_word' id='word_1_91' title='bbox 575 2291 614 2361; x_wconf 92' lang='lat' dir='ltr'>in</span> <span class='ocrx_word' id='word_1_92' title='bbox 636 2290 800 2362; x_wconf 86' lang='lat' dir='ltr'>victoria.</span> <span class='ocrx_word' id='word_1_93' title='bbox 850 2286 957 2359; x_wconf 88' lang='lat' dir='ltr'>Item:</span> <span class='ocrx_word' id='word_1_94' title='bbox 990 2288 1038 2358; x_wconf 87' lang='lat' dir='ltr'>Et</span> <span class='ocrx_word' id='word_1_95' title='bbox 1055 2315 1119 2362; x_wconf 89' lang='lat' dir='ltr'>sna</span> <span class='ocrx_word' id='word_1_96' title='bbox 1134 2290 1294 2361; x_wconf 87' lang='lat' dir='ltr'>riserunt</span> 
     </span>
     <span class='ocr_line' id='line_1_17' title="bbox 300 2389 1292 2482; baseline -0.005 -17"><span class='ocrx_word' id='word_1_97' title='bbox 300 2395 441 2465; x_wconf 85' lang='lat' dir='ltr'>saecula</span> <span class='ocrx_word' id='word_1_98' title='bbox 464 2392 702 2472; x_wconf 81' lang='lat' dir='ltr'>Maeoniden,</span> <span class='ocrx_word' id='word_1_99' title='bbox 736 2415 813 2461; x_wconf 91' lang='lat' dir='ltr'>nou</span> <span class='ocrx_word' id='word_1_100' title='bbox 834 2391 946 2482; x_wconf 87' lang='lat' dir='ltr'>ipsius</span> <span class='ocrx_word' id='word_1_101' title='bbox 969 2395 1122 2464; x_wconf 83' lang='lat' dir='ltr'>saecula.</span> <span class='ocrx_word' id='word_1_102' title='bbox 1186 2389 1292 2460; x_wconf 84' lang='lat' dir='ltr'>Valla</span> 
     </span>
     <span class='ocr_line' id='line_1_18' title="bbox 299 2490 1294 2585; baseline -0.004 -20"><span class='ocrx_word' id='word_1_103' title='bbox 299 2495 491 2585; x_wconf 74' lang='lat' dir='ltr'>diligenter</span> <span class='ocrx_word' id='word_1_104' title='bbox 513 2507 550 2563; x_wconf 90' lang='lat' dir='ltr'>et</span> <span class='ocrx_word' id='word_1_105' title='bbox 570 2493 706 2563; x_wconf 78' lang='lat' dir='ltr'>utiliter</span> <span class='ocrx_word' id='word_1_106' title='bbox 726 2495 910 2584; x_wconf 87' lang='lat' dir='ltr'>praecepit</span> <span class='ocrx_word' id='word_1_107' title='bbox 923 2495 967 2563; x_wconf 93' lang='lat' dir='ltr'>de</span> <span class='ocrx_word' id='word_1_108' title='bbox 981 2518 1050 2564; x_wconf 90' lang='lat' dir='ltr'>usu</span> <span class='ocrx_word' id='word_1_109' title='bbox 1063 2490 1192 2564; x_wconf 90' lang='lat' dir='ltr'>harum</span> <span class='ocrx_word' id='word_1_110' title='bbox 1210 2517 1294 2584; x_wconf 87' lang='lat' dir='ltr'>par-</span> 
     </span>
     <span class='ocr_line' id='line_1_19' title="bbox 298 2590 1293 2688; baseline -0.003 -22"><span class='ocrx_word' id='word_1_111' title='bbox 298 2596 513 2680; x_wconf 86' lang='lat' dir='ltr'>ticularum,</span> <span class='ocrx_word' id='word_1_112' title='bbox 537 2620 645 2688; x_wconf 87' lang='lat' dir='ltr'>quem</span> <span class='ocrx_word' id='word_1_113' title='bbox 663 2595 780 2687; x_wconf 91' lang='lat' dir='ltr'>pueri,</span> <span class='ocrx_word' id='word_1_114' title='bbox 804 2595 866 2667; x_wconf 88' lang='lat' dir='ltr'>ubi</span> <span class='ocrx_word' id='word_1_115' title='bbox 882 2590 971 2664; x_wconf 90' lang='lat' dir='ltr'>haec</span> <span class='ocrx_word' id='word_1_116' title='bbox 983 2595 1101 2686; x_wconf 83' lang='lat' dir='ltr'>prima</span> <span class='ocrx_word' id='word_1_117' title='bbox 1117 2596 1293 2665; x_wconf 83' lang='lat' dir='ltr'>elemento</span> 
     </span>
     <span class='ocr_line' id='line_1_20' title="bbox 298 2696 803 2791; baseline 0.004 -25"><span class='ocrx_word' id='word_1_118' title='bbox 298 2696 578 2791; x_wconf 86' lang='lat' dir='ltr'>perdidicerint,</span> <span class='ocrx_word' id='word_1_119' title='bbox 603 2697 803 2768; x_wconf 87' lang='lat' dir='ltr'>consulant.</span> 
     </span>
    </p>

    <p class='ocr_par' dir='ltr' id='par_1_5' title="bbox 281 2796 1297 3178">
     <span class='ocr_line' id='line_1_21' title="bbox 402 2796 1295 2891; baseline 0 -23"><span class='ocrx_word' id='word_1_120' title='bbox 402 2796 683 2890; x_wconf 87' lang='lat' dir='ltr'>Interrogativa:</span> <span class='ocrx_word' id='word_1_121' title='bbox 722 2798 832 2891; x_wconf 85' lang='lat' dir='ltr'>Quis,</span> <span class='ocrx_word' id='word_1_122' title='bbox 858 2797 987 2881; x_wconf 91' lang='lat' dir='ltr'>Cuius,</span> <span class='ocrx_word' id='word_1_123' title='bbox 1013 2797 1126 2882; x_wconf 88' lang='lat' dir='ltr'>Cuia,</span> <span class='ocrx_word' id='word_1_124' title='bbox 1152 2797 1295 2880; x_wconf 88' lang='lat' dir='ltr'>Cuium,</span> 
     </span>
     <span class='ocr_line' id='line_1_22' title="bbox 301 2899 433 2973; baseline -0.023 0"><span class='ocrx_word' id='word_1_125' title='bbox 301 2899 433 2973; x_wconf 76' lang='lat' dir='ltr'>Cuius?</span> 
     </span>
     <span class='ocr_line' id='line_1_23' title="bbox 281 2998 1297 3087; baseline -0.002 -12"><span class='ocrx_word' id='word_1_126' title='bbox 281 3011 295 3034; x_wconf 62' lang='lat'><strong>⁸</strong></span> <span class='ocrx_word' id='word_1_127' title='bbox 403 3000 624 3075; x_wconf 82' lang='lat' dir='ltr'>Possessiva:</span> <span class='ocrx_word' id='word_1_128' title='bbox 677 2998 800 3085; x_wconf 87' lang='lat' dir='ltr'>Mens,</span> <span class='ocrx_word' id='word_1_129' title='bbox 842 2999 963 3086; x_wconf 80' lang='lat' dir='ltr'>Tuus,</span> <span class='ocrx_word' id='word_1_130' title='bbox 1002 3001 1115 3087; x_wconf 89' lang='lat' dir='ltr'>Suus,</span> <span class='ocrx_word' id='word_1_131' title='bbox 1154 3000 1297 3086; x_wconf 86' lang='lat' dir='ltr'>Noster,</span> 
     </span>
     <span class='ocr_line' id='line_1_24' title="bbox 301 3107 439 3178; baseline 0.022 -3"><span class='ocrx_word' id='word_1_132' title='bbox 301 3107 439 3178; x_wconf 83' lang='lat' dir='ltr'>Vester.</span> 
     </span>
    </p>

    <p class='ocr_par' dir='ltr' id='par_1_6' title="bbox 405 3203 1072 3290">
     <span class='ocr_line' id='line_1_25' title="bbox 405 3203 1072 3290; baseline -0.006 -10"><span class='ocrx_word' id='word_1_133' title='bbox 405 3206 579 3280; x_wconf 89' lang='lat' dir='ltr'>Gentilia:</span> <span class='ocrx_word' id='word_1_134' title='bbox 616 3205 787 3288; x_wconf 80' lang='lat' dir='ltr'>Nostros,</span> <span class='ocrx_word' id='word_1_135' title='bbox 812 3203 990 3278; x_wconf 61' lang='lat' dir='ltr'>Vestras..</span> <span class='ocrx_word' id='word_1_136' title='bbox 1069 3283 1072 3290; x_wconf 54' lang='grc'>,</span> 
     </span>
    </p>
   </div>
   <div class='ocr_carea' id='block_1_2' title="bbox 714 3357 880 3429">
    <p class='ocr_par' dir='ltr' id='par_1_7' title="bbox 714 3357 880 3429">
     <span class='ocr_line' id='line_1_26' title="bbox 714 3357 880 3429; baseline 0 0"><span class='ocrx_word' id='word_1_137' title='bbox 714 3357 880 3429; x_wconf 73' lang='lat' dir='ltr'>Genus</span> 
     </span>
    </p>
   </div>
   <div class='ocr_carea' id='block_1_3' title="bbox 234 3477 1299 3779">
    <p class='ocr_par' dir='ltr' id='par_1_8' title="bbox 234 3477 1299 3779">
     <span class='ocr_line' id='line_1_27' title="bbox 406 3477 1298 3571; baseline -0.002 -22"><span class='ocrx_word' id='word_1_138' title='bbox 406 3477 473 3549; x_wconf 76' lang='lat' dir='ltr'>Est</span> <span class='ocrx_word' id='word_1_139' title='bbox 493 3477 533 3546; x_wconf 90' lang='lat' dir='ltr'>in</span> <span class='ocrx_word' id='word_1_140' title='bbox 556 3477 833 3571; x_wconf 81' lang='lat' dir='ltr'>pronominibus</span> <span class='ocrx_word' id='word_1_141' title='bbox 853 3477 1022 3569; x_wconf 89' lang='lat' dir='ltr'>perinde,</span> <span class='ocrx_word' id='word_1_142' title='bbox 1046 3477 1140 3547; x_wconf 92' lang='lat' dir='ltr'>utin</span> <span class='ocrx_word' id='word_1_143' title='bbox 1155 3478 1298 3548; x_wconf 88' lang='lat' dir='ltr'>adiecti-</span> 
     </span>
     <span class='ocr_line' id='line_1_28' title="bbox 234 3580 1299 3682; baseline -0.001 -29"><span class='ocrx_word' id='word_1_144' title='bbox 234 3602 236 3606; x_wconf 90' lang='grc'><strong><em>·</em></strong></span> <span class='ocrx_word' id='word_1_145' title='bbox 301 3582 366 3682; x_wconf 73' lang='lat' dir='ltr'>vis¹</span> <span class='ocrx_word' id='word_1_146' title='bbox 386 3581 603 3676; x_wconf 49' lang='lat' dir='ltr'>nominum„</span> <span class='ocrx_word' id='word_1_147' title='bbox 658 3580 752 3651; x_wconf 90' lang='lat' dir='ltr'>Nam</span> <span class='ocrx_word' id='word_1_148' title='bbox 782 3605 849 3673; x_wconf 89' lang='lat' dir='ltr'>per</span> <span class='ocrx_word' id='word_1_149' title='bbox 872 3580 943 3650; x_wconf 89' lang='lat' dir='ltr'>tria</span> <span class='ocrx_word' id='word_1_150' title='bbox 966 3602 1097 3674; x_wconf 87' lang='lat' dir='ltr'>genera</span> <span class='ocrx_word' id='word_1_151' title='bbox 1121 3594 1299 3674; x_wconf 76' lang='lat' dir='ltr'>vagantur</span> 
     </span>
     <span class='ocr_line' id='line_1_29' title="bbox 301 3684 1059 3779; baseline -0.017 -24"><span class='ocrx_word' id='word_1_152' title='bbox 301 3684 536 3779; x_wconf 79' lang='lat' dir='ltr'>pronomina.</span> <span class='ocrx_word' id='word_1_153' title='bbox 1057 3714 1059 3718; x_wconf 92' lang='lat'><em>-</em></span> 
     </span>
    </p>
   </div>
   <div class='ocr_carea' id='block_1_4' title="bbox 655 3801 953 3899">
    <p class='ocr_par' dir='ltr' id='par_1_9' title="bbox 655 3801 953 3899">
     <span class='ocr_line' id='line_1_30' title="bbox 655 3801 953 3899; baseline 0 -24"><span class='ocrx_word' id='word_1_154' title='bbox 655 3801 953 3899; x_wconf 50' lang='lat' dir='ltr'>Numerum.</span> 
     </span>
    </p>
   </div>
   <div class='ocr_carea' id='block_1_5' title="bbox 405 3921 1089 4018">
    <p class='ocr_par' dir='ltr' id='par_1_10' title="bbox 405 3921 1089 4018">
     <span class='ocr_line' id='line_1_31' title="bbox 405 3921 1089 4018; baseline 0 -23"><span class='ocrx_word' id='word_1_155' title='bbox 405 3921 641 4018; x_wconf 73' lang='lat' dir='ltr'>Numerus⁸⁸)</span> <span class='ocrx_word' id='word_1_156' title='bbox 661 3924 748 3992; x_wconf 90' lang='lat' dir='ltr'>item</span> <span class='ocrx_word' id='word_1_157' title='bbox 763 3922 857 3993; x_wconf 92' lang='lat' dir='ltr'>utin</span> <span class='ocrx_word' id='word_1_158' title='bbox 871 3922 1089 3995; x_wconf 90' lang='lat' dir='ltr'>nominibus.</span> 
     </span>
    </p>
   </div>
   <div class='ocr_carea' id='block_1_6' title="bbox 284 4076 1299 5540">
    <p class='ocr_par' dir='ltr' id='par_1_11' title="bbox 695 4076 906 4170">
     <span class='ocr_line' id='line_1_32' title="bbox 695 4076 906 4170; baseline 0.014 -24"><span class='ocrx_word' id='word_1_159' title='bbox 695 4076 906 4170; x_wconf 67' lang='lat' dir='ltr'>Ilignrae.</span> 
     </span>
    </p>

    <p class='ocr_par' dir='ltr' id='par_1_12' title="bbox 352 4195 1161 4511">
     <span class='ocr_line' id='line_1_33' title="bbox 509 4195 949 4292; baseline 0.002 -26"><span class='ocrx_word' id='word_1_160' title='bbox 509 4195 699 4292; x_wconf 76' lang='lat' dir='ltr'>Simplex,</span> <span class='ocrx_word' id='word_1_161' title='bbox 807 4208 848 4267; x_wconf 92' lang='lat' dir='ltr'>ut</span> <span class='ocrx_word' id='word_1_162' title='bbox 871 4219 949 4289; x_wconf 83' lang='lat' dir='ltr'>ego.</span> 
     </span>
     <span class='ocr_line' id='line_1_34' title="bbox 404 4298 1161 4396; baseline 0.001 -27"><span class='ocrx_word' id='word_1_163' title='bbox 404 4392 406 4396; x_wconf 23' lang='grc' dir='ltr'>Ι</span> <span class='ocrx_word' id='word_1_164' title='bbox 507 4298 729 4392; x_wconf 86' lang='lat' dir='ltr'>Composita,</span> <span class='ocrx_word' id='word_1_165' title='bbox 806 4312 847 4370; x_wconf 92' lang='lat' dir='ltr'>ut</span> <span class='ocrx_word' id='word_1_166' title='bbox 866 4311 1028 4391; x_wconf 80' lang='lat' dir='ltr'>egomet,</span> <span class='ocrx_word' id='word_1_167' title='bbox 1051 4298 1161 4371; x_wconf 88' lang='lat' dir='ltr'>idem.</span> 
     </span>
     <span class='ocr_line' id='line_1_35' title="bbox 352 4418 1134 4511; baseline 0.005 -28"><span class='ocrx_word' id='word_1_168' title='bbox 352 4418 463 4488; x_wconf 85' lang='lat' dir='ltr'>·Varie</span> <span class='ocrx_word' id='word_1_169' title='bbox 481 4432 599 4493; x_wconf 86' lang='lat' dir='ltr'>autem</span> <span class='ocrx_word' id='word_1_170' title='bbox 619 4432 886 4510; x_wconf 90' lang='lat' dir='ltr'>componuntur</span> <span class='ocrx_word' id='word_1_171' title='bbox 903 4419 1134 4511; x_wconf 82' lang='lat' dir='ltr'>pronomina.</span> 
     </span>
    </p>

    <p class='ocr_par' dir='ltr' id='par_1_13' title="bbox 407 4517 956 4605">
     <span class='ocr_line' id='line_1_36' title="bbox 407 4517 956 4605; baseline 0.005 -16"><span class='ocrx_word' id='word_1_172' title='bbox 407 4522 571 4591; x_wconf 84' lang='lat' dir='ltr'>Primum</span> <span class='ocrx_word' id='word_1_173' title='bbox 592 4522 688 4591; x_wconf 90' lang='lat' dir='ltr'>iuter</span> <span class='ocrx_word' id='word_1_174' title='bbox 702 4545 761 4605; x_wconf 89' lang='lat' dir='ltr'>se,</span> <span class='ocrx_word' id='word_1_175' title='bbox 785 4534 827 4591; x_wconf 92' lang='lat' dir='ltr'>ut</span> <span class='ocrx_word' id='word_1_176' title='bbox 840 4517 956 4593; x_wconf 85' lang='lat' dir='ltr'>isthic.</span> 
     </span>
    </p>

    <p class='ocr_par' dir='ltr' id='par_1_14' title="bbox 299 4620 1299 4901">
     <span class='ocr_line' id='line_1_37' title="bbox 408 4620 1299 4708; baseline -0.004 -14"><span class='ocrx_word' id='word_1_177' title='bbox 408 4622 594 4708; x_wconf 87' lang='lat' dir='ltr'>Secundo,</span> <span class='ocrx_word' id='word_1_178' title='bbox 634 4648 716 4695; x_wconf 87' lang='lat' dir='ltr'>cnm</span> <span class='ocrx_word' id='word_1_179' title='bbox 740 4624 936 4708; x_wconf 87' lang='lat' dir='ltr'>adverbiis,</span> <span class='ocrx_word' id='word_1_180' title='bbox 968 4622 1123 4706; x_wconf 83' lang='lat' dir='ltr'>Eccum,</span> <span class='ocrx_word' id='word_1_181' title='bbox 1154 4620 1299 4707; x_wconf 87' lang='lat' dir='ltr'>Eccam,</span> 
     </span>
     <span class='ocr_line' id='line_1_38' title="bbox 300 4725 1298 4820; baseline 0.002 -25"><span class='ocrx_word' id='word_1_182' title='bbox 300 4752 372 4820; x_wconf 88' lang='lat' dir='ltr'>pro</span> <span class='ocrx_word' id='word_1_183' title='bbox 396 4750 475 4797; x_wconf 90' lang='lat' dir='ltr'>ecce</span> <span class='ocrx_word' id='word_1_184' title='bbox 499 4752 602 4811; x_wconf 89' lang='lat' dir='ltr'>eum,</span> <span class='ocrx_word' id='word_1_185' title='bbox 635 4750 715 4797; x_wconf 90' lang='lat' dir='ltr'>ecce</span> <span class='ocrx_word' id='word_1_186' title='bbox 740 4750 833 4799; x_wconf 88' lang='lat' dir='ltr'>eam.</span> <span class='ocrx_word' id='word_1_187' title='bbox 898 4725 1037 4811; x_wconf 83' lang='lat' dir='ltr'>Elium,</span> <span class='ocrx_word' id='word_1_188' title='bbox 1078 4748 1159 4795; x_wconf 85' lang='lat' dir='ltr'>ecce</span> <span class='ocrx_word' id='word_1_189' title='bbox 1184 4726 1298 4797; x_wconf 91' lang='lat' dir='ltr'>illum.</span> 
     </span>
     <span class='ocr_line' id='line_1_39' title="bbox 299 4827 786 4901; baseline 0.004 -2"><span class='ocrx_word' id='word_1_190' title='bbox 299 4827 402 4899; x_wconf 93' lang='lat' dir='ltr'>ldem</span> <span class='ocrx_word' id='word_1_191' title='bbox 419 4830 465 4899; x_wconf 94' lang='lat' dir='ltr'>ab</span> <span class='ocrx_word' id='word_1_192' title='bbox 479 4831 510 4900; x_wconf 88' lang='lat' dir='ltr'>is</span> <span class='ocrx_word' id='word_1_193' title='bbox 526 4844 561 4899; x_wconf 92' lang='lat' dir='ltr'>et</span> <span class='ocrx_word' id='word_1_194' title='bbox 574 4832 718 4901; x_wconf 89' lang='lat' dir='ltr'>demum</span> <span class='ocrx_word' id='word_1_195' title='bbox 733 4831 786 4901; x_wconf 82' lang='lat' dir='ltr'>fit.</span> 
     </span>
    </p>

    <p class='ocr_par' dir='ltr' id='par_1_15' title="bbox 301 4929 1299 5333">
     <span class='ocr_line' id='line_1_40' title="bbox 407 4929 1299 5027; baseline -0.002 -26"><span class='ocrx_word' id='word_1_196' title='bbox 407 4931 556 5016; x_wconf 88' lang='lat' dir='ltr'>Tertio,</span> <span class='ocrx_word' id='word_1_197' title='bbox 595 4957 676 5003; x_wconf 91' lang='lat' dir='ltr'>cum</span> <span class='ocrx_word' id='word_1_198' title='bbox 697 4931 877 5027; x_wconf 87' lang='lat' dir='ltr'>syllabicis</span> <span class='ocrx_word' id='word_1_199' title='bbox 902 4929 1180 5015; x_wconf 87' lang='lat' dir='ltr'>adiectionibus,</span> <span class='ocrx_word' id='word_1_200' title='bbox 1212 4942 1299 5015; x_wconf 91' lang='lat' dir='ltr'>met,</span> 
     </span>
     <span class='ocr_line' id='line_1_41' title="bbox 301 5048 939 5127; baseline 0 -22"><span class='ocrx_word' id='word_1_201' title='bbox 301 5049 358 5118; x_wconf 88' lang='lat' dir='ltr'>te,</span> <span class='ocrx_word' id='word_1_202' title='bbox 385 5058 443 5119; x_wconf 89' lang='lat' dir='ltr'>ce,</span> <span class='ocrx_word' id='word_1_203' title='bbox 469 5048 543 5127; x_wconf 92' lang='lat' dir='ltr'>pte.</span> <span class='ocrx_word' id='word_1_204' title='bbox 935 5090 939 5105; x_wconf 64' lang='grc'><strong>.</strong></span> 
     </span>
     <span class='ocr_line' id='line_1_42' title="bbox 407 5135 1298 5231; baseline -0.004 -24"><span class='ocrx_word' id='word_1_205' title='bbox 407 5137 486 5208; x_wconf 89' lang='lat' dir='ltr'>Met</span> <span class='ocrx_word' id='word_1_206' title='bbox 507 5136 674 5208; x_wconf 87' lang='lat' dir='ltr'>adiicitur</span> <span class='ocrx_word' id='word_1_207' title='bbox 695 5137 862 5211; x_wconf 91' lang='lat' dir='ltr'>omnibus</span> <span class='ocrx_word' id='word_1_208' title='bbox 880 5138 1018 5208; x_wconf 86' lang='lat' dir='ltr'>casibus</span> <span class='ocrx_word' id='word_1_209' title='bbox 1033 5135 1174 5231; x_wconf 88' lang='lat' dir='ltr'>primae</span> <span class='ocrx_word' id='word_1_210' title='bbox 1194 5147 1229 5205; x_wconf 90' lang='lat' dir='ltr'>et</span> <span class='ocrx_word' id='word_1_211' title='bbox 1244 5158 1298 5206; x_wconf 86' lang='lat' dir='ltr'>se·</span> 
     </span>
     <span class='ocr_line' id='line_1_43' title="bbox 301 5243 1032 5333; baseline -0.003 -19"><span class='ocrx_word' id='word_1_212' title='bbox 301 5243 442 5314; x_wconf 78' lang='lat' dir='ltr'>eundae</span> <span class='ocrx_word' id='word_1_213' title='bbox 463 5263 660 5333; x_wconf 85' lang='lat' dir='ltr'>personae,</span> <span class='ocrx_word' id='word_1_214' title='bbox 684 5254 845 5332; x_wconf 80' lang='lat' dir='ltr'>egomet,</span> <span class='ocrx_word' id='word_1_215' title='bbox 870 5254 1032 5313; x_wconf 83' lang='lat' dir='ltr'>tutemet.</span> 
     </span>
    </p>

    <p class='ocr_par' dir='ltr' id='par_1_16' title="bbox 284 5343 1239 5429">
     <span class='ocr_line' id='line_1_44' title="bbox 284 5343 1239 5429; baseline 0 -19"><span class='ocrx_word' id='word_1_216' title='bbox 284 5405 293 5410; x_wconf 25' lang='lat' dir='ltr'>s.</span> <span class='ocrx_word' id='word_1_217' title='bbox 407 5344 462 5415; x_wconf 81' lang='lat' dir='ltr'>&#39;l&#39;e</span> <span class='ocrx_word' id='word_1_218' title='bbox 480 5343 648 5414; x_wconf 89' lang='lat' dir='ltr'>adiicitur</span> <span class='ocrx_word' id='word_1_219' title='bbox 663 5345 744 5414; x_wconf 87' lang='lat' dir='ltr'>voci</span> <span class='ocrx_word' id='word_1_220' title='bbox 760 5358 821 5429; x_wconf 93' lang='lat' dir='ltr'>tu,</span> <span class='ocrx_word' id='word_1_221' title='bbox 848 5358 885 5413; x_wconf 92' lang='lat' dir='ltr'>et</span> <span class='ocrx_word' id='word_1_222' title='bbox 900 5358 955 5429; x_wconf 93' lang='lat' dir='ltr'>te,</span> <span class='ocrx_word' id='word_1_223' title='bbox 980 5356 1022 5414; x_wconf 92' lang='lat' dir='ltr'>ut</span> <span class='ocrx_word' id='word_1_224' title='bbox 1040 5354 1133 5425; x_wconf 92' lang='lat' dir='ltr'>tute,</span> <span class='ocrx_word' id='word_1_225' title='bbox 1156 5352 1239 5411; x_wconf 89' lang='lat' dir='ltr'>tete.</span> 
     </span>
    </p>

    <p class='ocr_par' dir='ltr' id='par_1_17' title="bbox 408 5443 1134 5540">
     <span class='ocr_line' id='line_1_45' title="bbox 408 5443 1134 5540; baseline -0.003 -22"><span class='ocrx_word' id='word_1_226' title='bbox 408 5447 478 5531; x_wconf 85' lang='lat' dir='ltr'>Ce,</span> <span class='ocrx_word' id='word_1_227' title='bbox 505 5446 715 5540; x_wconf 92' lang='lat' dir='ltr'>pronomini</span> <span class='ocrx_word' id='word_1_228' title='bbox 729 5444 808 5531; x_wconf 84' lang='lat' dir='ltr'>hie,</span> <span class='ocrx_word' id='word_1_229' title='bbox 833 5444 950 5531; x_wconf 86' lang='lat' dir='ltr'>hicce,</span> <span class='ocrx_word' id='word_1_230' title='bbox 975 5443 1134 5516; x_wconf 90' lang='lat' dir='ltr'>huiusce.</span> 
     </span>
    </p>
   </div>
   <div class='ocr_carea' id='block_1_7' title="bbox 304 5604 513 5621">
    <p class='ocr_par' dir='ltr' id='par_1_18' title="bbox 304 5604 513 5621">
     <span class='ocr_line' id='line_1_46' title="bbox 304 5604 513 5621; baseline 0 -2"><span class='ocrx_word' id='word_1_231' title='bbox 304 5604 513 5621; x_wconf 50' lang='lat' dir='ltr'>..d-*-</span> 
     </span>
    </p>
   </div>
   <div class='ocr_carea' id='block_1_8' title="bbox 338 5698 1139 5853">
    <p class='ocr_par' dir='ltr' id='par_1_19' title="bbox 338 5698 1139 5853">
     <span class='ocr_line' id='line_1_47' title="bbox 338 5698 1089 5770; baseline -0.008 -14"><span class='ocrx_word' id='word_1_232' title='bbox 338 5701 388 5770; x_wconf 69' lang='lat'>88)</span> <span class='ocrx_word' id='word_1_233' title='bbox 407 5705 483 5755; x_wconf 68' lang='lat' dir='ltr'>llaec</span> <span class='ocrx_word' id='word_1_234' title='bbox 499 5700 645 5764; x_wconf 83' lang='lat' dir='ltr'>lusorlptlo</span> <span class='ocrx_word' id='word_1_235' title='bbox 663 5701 692 5750; x_wconf 87' lang='lat' dir='ltr'>ln</span> <span class='ocrx_word' id='word_1_236' title='bbox 707 5698 758 5751; x_wconf 69' lang='lat' dir='ltr'>Ed.</span> <span class='ocrx_word' id='word_1_237' title='bbox 778 5699 854 5752; x_wconf 73' lang='lat' dir='ltr'>lm</span> <span class='ocrx_word' id='word_1_238' title='bbox 871 5700 960 5751; x_wconf 78' lang='lat' dir='ltr'>tesst.</span> <span class='ocrx_word' id='word_1_239' title='bbox 1078 5718 1089 5733; x_wconf 81' lang='grc'><em>·</em></span> 
     </span>
     <span class='ocr_line' id='line_1_48' title="bbox 338 5785 1139 5853; baseline -0.012 -12"><span class='ocrx_word' id='word_1_240' title='bbox 338 5785 951 5853; x_wconf 66' lang='grc' dir='ltr'>64)Ναιοωι]ίιιη158.ὴ.1.ᾱοειι</span> <span class='ocrx_word' id='word_1_241' title='bbox 1033 5828 1036 5832; x_wconf 79' lang='grc'>,</span> <span class='ocrx_word' id='word_1_242' title='bbox 1134 5816 1139 5820; x_wconf 89' lang='grc'>-</span> 
     </span>
    </p>
   </div>
   <div class='ocr_carea' id='block_1_9' title="bbox 761 567 1670 667">
    <p class='ocr_par' dir='ltr' id='par_1_20' title="bbox 761 567 1670 667">
     <span class='ocr_line' id='line_1_49' title="bbox 761 567 1670 667; baseline 0.008 -25"><span class='ocrx_word' id='word_1_243' title='bbox 761 567 1670 667; x_wconf 38' lang='grc' dir='ltr'>’,ικπεωωωωωωω</span> 
     </span>
    </p>
   </div>
   <div class='ocr_carea' id='block_1_10' title="bbox 1341 743 2339 1148">
    <p class='ocr_par' dir='ltr' id='par_1_21' title="bbox 1341 743 2339 940">
     <span class='ocr_line' id='line_1_50' title="bbox 1442 743 2339 835; baseline 0.008 -20"><span class='ocrx_word' id='word_1_244' title='bbox 1442 744 1528 829; x_wconf 83' lang='lat' dir='ltr'>Pte,</span> <span class='ocrx_word' id='word_1_245' title='bbox 1554 743 1738 828; x_wconf 88' lang='lat' dir='ltr'>ablativis,</span> <span class='ocrx_word' id='word_1_246' title='bbox 1763 768 1864 830; x_wconf 87' lang='lat' dir='ltr'>mea,</span> <span class='ocrx_word' id='word_1_247' title='bbox 1891 759 1972 831; x_wconf 87' lang='lat' dir='ltr'>tua,</span> <span class='ocrx_word' id='word_1_248' title='bbox 1998 770 2084 832; x_wconf 87' lang='lat' dir='ltr'>sua,</span> <span class='ocrx_word' id='word_1_249' title='bbox 2109 762 2252 835; x_wconf 90' lang='lat' dir='ltr'>nostra,</span> <span class='ocrx_word' id='word_1_250' title='bbox 2279 776 2339 822; x_wconf 84' lang='lat' dir='ltr'>ve-</span> 
     </span>
     <span class='ocr_line' id='line_1_51' title="bbox 1341 859 1946 940; baseline 0.002 -22"><span class='ocrx_word' id='word_1_251' title='bbox 1341 859 1437 931; x_wconf 85' lang='lat' dir='ltr'>stra,</span> <span class='ocrx_word' id='word_1_252' title='bbox 1462 859 1503 917; x_wconf 92' lang='lat' dir='ltr'>ut</span> <span class='ocrx_word' id='word_1_253' title='bbox 1518 860 1681 938; x_wconf 89' lang='lat' dir='ltr'>meapte,</span> <span class='ocrx_word' id='word_1_254' title='bbox 1707 861 1853 940; x_wconf 88' lang='lat' dir='ltr'>suapte,</span> <span class='ocrx_word' id='word_1_255' title='bbox 1879 861 1946 920; x_wconf 91' lang='lat' dir='ltr'>etc.</span> 
     </span>
    </p>

    <p class='ocr_par' dir='ltr' id='par_1_22' title="bbox 1342 945 2338 1148">
     <span class='ocr_line' id='line_1_52' title="bbox 1445 945 2338 1048; baseline 0.006 -29"><span class='ocrx_word' id='word_1_256' title='bbox 1445 949 1515 1019; x_wconf 88' lang='lat' dir='ltr'>Sed</span> <span class='ocrx_word' id='word_1_257' title='bbox 1539 950 1580 1018; x_wconf 91' lang='lat' dir='ltr'>in</span> <span class='ocrx_word' id='word_1_258' title='bbox 1598 945 1655 1020; x_wconf 91' lang='lat' dir='ltr'>bis</span> <span class='ocrx_word' id='word_1_259' title='bbox 1680 951 2002 1043; x_wconf 88' lang='lat' dir='ltr'>compositionibus</span> <span class='ocrx_word' id='word_1_260' title='bbox 2026 954 2217 1025; x_wconf 87' lang='lat' dir='ltr'>observent</span> <span class='ocrx_word' id='word_1_261' title='bbox 2234 957 2338 1048; x_wconf 80' lang='lat' dir='ltr'>puori</span> 
     </span>
     <span class='ocr_line' id='line_1_53' title="bbox 1342 1052 2102 1148; baseline 0.007 -27"><span class='ocrx_word' id='word_1_262' title='bbox 1342 1052 1637 1123; x_wconf 86' lang='lat' dir='ltr'>consuetudinem</span> <span class='ocrx_word' id='word_1_263' title='bbox 1657 1055 1845 1123; x_wconf 89' lang='lat' dir='ltr'>emendate</span> <span class='ocrx_word' id='word_1_264' title='bbox 1863 1055 2102 1148; x_wconf 91' lang='lat' dir='ltr'>loquentium.</span> 
     </span>
    </p>
   </div>
   <div class='ocr_carea' id='block_1_11' title="bbox 1716 1206 1965 1279">
    <p class='ocr_par' dir='ltr' id='par_1_23' title="bbox 1716 1206 1965 1279">
     <span class='ocr_line' id='line_1_54' title="bbox 1716 1206 1965 1279; baseline 0.012 -4"><span class='ocrx_word' id='word_1_265' title='bbox 1716 1206 1965 1279; x_wconf 88' lang='lat' dir='ltr'>Personae.</span> 
     </span>
    </p>
   </div>
   <div class='ocr_carea' id='block_1_12' title="bbox 1341 1321 2337 1494">
    <p class='ocr_par' dir='ltr' id='par_1_24' title="bbox 1341 1321 2337 1494">
     <span class='ocr_line' id='line_1_55' title="bbox 1341 1321 2337 1494; baseline 0.007 -105"><span class='ocrx_word' id='word_1_266' title='bbox 1341 1419 1392 1494; x_wconf 60' lang='lat' dir='ltr'>ht</span> <span class='ocrx_word' id='word_1_267' title='bbox 1445 1321 1551 1392; x_wconf 88' lang='lat' dir='ltr'>Tres:</span> <span class='ocrx_word' id='word_1_268' title='bbox 1611 1322 1736 1393; x_wconf 86' lang='lat' dir='ltr'>Prima</span> <span class='ocrx_word' id='word_1_269' title='bbox 1762 1323 1860 1418; x_wconf 86' lang='lat' dir='ltr'>Ego,</span> <span class='ocrx_word' id='word_1_270' title='bbox 1901 1326 2064 1397; x_wconf 88' lang='lat' dir='ltr'>Secunda</span> <span class='ocrx_word' id='word_1_271' title='bbox 2091 1327 2171 1410; x_wconf 87' lang='lat' dir='ltr'>Tu,</span> <span class='ocrx_word' id='word_1_272' title='bbox 2213 1327 2337 1397; x_wconf 82' lang='lat' dir='ltr'>Tertia</span> 
     </span>
     <span class='ocr_line' id='line_1_56' title="bbox 1392 1448 1424 1494; baseline 0.063 -2"><span class='ocrx_word' id='word_1_273' title='bbox 1392 1448 1424 1494; x_wconf 90' lang='lat' dir='ltr'>e.</span> 
     </span>
    </p>
   </div>
   <div class='ocr_carea' id='block_1_13' title="bbox 1765 1527 1918 1601">
    <p class='ocr_par' dir='ltr' id='par_1_25' title="bbox 1765 1527 1918 1601">
     <span class='ocr_line' id='line_1_57' title="bbox 1765 1527 1918 1601; baseline 0.013 -2"><span class='ocrx_word' id='word_1_274' title='bbox 1765 1527 1918 1601; x_wconf 88' lang='lat' dir='ltr'>Casus.</span> 
     </span>
    </p>
   </div>
   <div class='ocr_carea' id='block_1_14' title="bbox 1342 1648 2343 2360">
    <p class='ocr_par' dir='ltr' id='par_1_26' title="bbox 1342 1648 2343 2052">
     <span class='ocr_line' id='line_1_58' title="bbox 1443 1648 2339 1745; baseline -0.004 -22"><span class='ocrx_word' id='word_1_275' title='bbox 1443 1651 1556 1724; x_wconf 87' lang='lat' dir='ltr'>Iidem</span> <span class='ocrx_word' id='word_1_276' title='bbox 1581 1648 1707 1745; x_wconf 91' lang='lat' dir='ltr'>quiin</span> <span class='ocrx_word' id='word_1_277' title='bbox 1728 1648 1888 1718; x_wconf 91' lang='lat' dir='ltr'>nomine.</span> <span class='ocrx_word' id='word_1_278' title='bbox 1940 1648 2075 1720; x_wconf 87' lang='lat' dir='ltr'>Verum</span> <span class='ocrx_word' id='word_1_279' title='bbox 2093 1649 2250 1720; x_wconf 88' lang='lat' dir='ltr'>vocativi</span> <span class='ocrx_word' id='word_1_280' title='bbox 2263 1674 2339 1721; x_wconf 89' lang='lat' dir='ltr'>non</span> 
     </span>
     <span class='ocr_line' id='line_1_59' title="bbox 1342 1750 2343 1842; baseline -0.002 -16"><span class='ocrx_word' id='word_1_281' title='bbox 1342 1769 1396 1828; x_wconf 87' lang='lat' dir='ltr'>est</span> <span class='ocrx_word' id='word_1_282' title='bbox 1416 1781 1500 1827; x_wconf 91' lang='lat' dir='ltr'>usus</span> <span class='ocrx_word' id='word_1_283' title='bbox 1525 1756 1563 1824; x_wconf 93' lang='lat' dir='ltr'>iu</span> <span class='ocrx_word' id='word_1_284' title='bbox 1588 1750 1756 1821; x_wconf 92' lang='lat' dir='ltr'>omnibus</span> <span class='ocrx_word' id='word_1_285' title='bbox 1778 1751 2067 1842; x_wconf 88' lang='lat' dir='ltr'>pronominibus.</span> <span class='ocrx_word' id='word_1_286' title='bbox 2128 1753 2206 1836; x_wconf 85' lang='lat' dir='ltr'>Tu,</span> <span class='ocrx_word' id='word_1_287' title='bbox 2236 1752 2343 1831; x_wconf 82' lang='lat' dir='ltr'>Meus</span> 
     </span>
     <span class='ocr_line' id='line_1_60' title="bbox 1343 1851 2338 1941; baseline -0.006 -12"><span class='ocrx_word' id='word_1_288' title='bbox 1343 1872 1379 1929; x_wconf 94' lang='lat' dir='ltr'>et</span> <span class='ocrx_word' id='word_1_289' title='bbox 1399 1858 1551 1941; x_wconf 88' lang='lat' dir='ltr'>Noster,</span> <span class='ocrx_word' id='word_1_290' title='bbox 1592 1853 1789 1923; x_wconf 89' lang='lat' dir='ltr'>admittunt</span> <span class='ocrx_word' id='word_1_291' title='bbox 1811 1851 2017 1938; x_wconf 87' lang='lat' dir='ltr'>vocativus,</span> <span class='ocrx_word' id='word_1_292' title='bbox 2049 1854 2201 1927; x_wconf 89' lang='lat' dir='ltr'>dicimus</span> <span class='ocrx_word' id='word_1_293' title='bbox 2225 1855 2338 1925; x_wconf 91' lang='lat' dir='ltr'>enim:</span> 
     </span>
     <span class='ocr_line' id='line_1_61' title="bbox 1342 1955 1900 2052; baseline -0.011 -22"><span class='ocrx_word' id='word_1_294' title='bbox 1342 1961 1395 2032; x_wconf 92' lang='lat' dir='ltr'>mi</span> <span class='ocrx_word' id='word_1_295' title='bbox 1410 1959 1561 2052; x_wconf 85' lang='lat' dir='ltr'>Virgili,</span> <span class='ocrx_word' id='word_1_296' title='bbox 1584 1980 1663 2027; x_wconf 90' lang='lat' dir='ltr'>mea</span> <span class='ocrx_word' id='word_1_297' title='bbox 1682 1955 1900 2050; x_wconf 88' lang='lat' dir='ltr'>Glycerium.</span> 
     </span>
    </p>

    <p class='ocr_par' dir='ltr' id='par_1_27' title="bbox 1343 2057 2339 2360">
     <span class='ocr_line' id='line_1_62' title="bbox 1446 2057 2339 2153; baseline -0.004 -20"><span class='ocrx_word' id='word_1_298' title='bbox 1446 2059 1650 2133; x_wconf 86' lang='lat' dir='ltr'>Declinatio</span> <span class='ocrx_word' id='word_1_299' title='bbox 1683 2070 1736 2129; x_wconf 87' lang='lat' dir='ltr'>est</span> <span class='ocrx_word' id='word_1_300' title='bbox 1770 2082 1813 2127; x_wconf 82' lang='lat' dir='ltr'>ex</span> <span class='ocrx_word' id='word_1_301' title='bbox 1844 2057 1991 2126; x_wconf 88' lang='lat' dir='ltr'>Donato</span> <span class='ocrx_word' id='word_1_302' title='bbox 2022 2061 2197 2150; x_wconf 89' lang='lat' dir='ltr'>petenda,</span> <span class='ocrx_word' id='word_1_303' title='bbox 2232 2080 2339 2153; x_wconf 79' lang='lat' dir='ltr'>quern</span> 
     </span>
     <span class='ocr_line' id='line_1_63' title="bbox 1343 2160 2339 2257; baseline -0.005 -21"><span class='ocrx_word' id='word_1_304' title='bbox 1343 2190 1485 2257; x_wconf 87' lang='lat' dir='ltr'>semper</span> <span class='ocrx_word' id='word_1_305' title='bbox 1506 2175 1652 2256; x_wconf 87' lang='lat' dir='ltr'>oportet</span> <span class='ocrx_word' id='word_1_306' title='bbox 1672 2161 1793 2252; x_wconf 86' lang='lat' dir='ltr'>pueris</span> <span class='ocrx_word' id='word_1_307' title='bbox 1817 2160 1856 2229; x_wconf 92' lang='lat' dir='ltr'>in</span> <span class='ocrx_word' id='word_1_308' title='bbox 1877 2160 2045 2232; x_wconf 90' lang='lat' dir='ltr'>manibus</span> <span class='ocrx_word' id='word_1_309' title='bbox 2067 2186 2162 2246; x_wconf 87' lang='lat' dir='ltr'>esse,</span> <span class='ocrx_word' id='word_1_310' title='bbox 2194 2173 2236 2232; x_wconf 90' lang='lat' dir='ltr'>ut</span> <span class='ocrx_word' id='word_1_311' title='bbox 2256 2161 2339 2231; x_wconf 85' lang='lat' dir='ltr'>inde</span> 
     </span>
     <span class='ocr_line' id='line_1_64' title="bbox 1344 2263 2306 2360; baseline -0.004 -22"><span class='ocrx_word' id='word_1_312' title='bbox 1344 2267 1549 2360; x_wconf 84' lang='lat' dir='ltr'>analogiam</span> <span class='ocrx_word' id='word_1_313' title='bbox 1567 2266 1607 2335; x_wconf 91' lang='lat' dir='ltr'>in</span> <span class='ocrx_word' id='word_1_314' title='bbox 1625 2263 1839 2344; x_wconf 81' lang='lat' dir='ltr'>declinando</span> <span class='ocrx_word' id='word_1_315' title='bbox 1857 2286 1898 2331; x_wconf 87' lang='lat' dir='ltr'>ac</span> <span class='ocrx_word' id='word_1_316' title='bbox 1909 2263 2138 2356; x_wconf 92' lang='lat' dir='ltr'>coniugando</span> <span class='ocrx_word' id='word_1_317' title='bbox 2156 2263 2306 2335; x_wconf 86' lang='lat' dir='ltr'>discant.</span> 
     </span>
    </p>
   </div>
   <div class='ocr_carea' id='block_1_15' title="bbox 1448 2389 2344 2630">
    <p class='ocr_par' dir='ltr' id='par_1_28' title="bbox 1448 2389 2344 2630">
     <span class='ocr_line' id='line_1_65' title="bbox 1655 2389 2327 2515; baseline -0.003 -29"><span class='ocrx_word' id='word_1_318' title='bbox 1655 2413 1720 2486; x_wconf 89' lang='lat' dir='ltr'>De</span> <span class='ocrx_word' id='word_1_319' title='bbox 1745 2389 2032 2511; x_wconf 70' lang='lat' dir='ltr'>Articulo⁰).</span> <span class='ocrx_word' id='word_1_320' title='bbox 2324 2510 2327 2515; x_wconf 16' lang='grc'>1</span> 
     </span>
     <span class='ocr_line' id='line_1_66' title="bbox 1448 2530 2344 2630; baseline -0.002 -23"><span class='ocrx_word' id='word_1_321' title='bbox 1448 2537 1576 2607; x_wconf 86' lang='lat' dir='ltr'>Obiter</span> <span class='ocrx_word' id='word_1_322' title='bbox 1597 2530 1659 2603; x_wconf 89' lang='lat' dir='ltr'>bic</span> <span class='ocrx_word' id='word_1_323' title='bbox 1675 2535 1829 2604; x_wconf 82' lang='lat' dir='ltr'>docendi</span> <span class='ocrx_word' id='word_1_324' title='bbox 1848 2547 1933 2607; x_wconf 92' lang='lat' dir='ltr'>sunt</span> <span class='ocrx_word' id='word_1_325' title='bbox 1949 2536 2074 2627; x_wconf 89' lang='lat' dir='ltr'>pueri,</span> <span class='ocrx_word' id='word_1_326' title='bbox 2098 2536 2186 2630; x_wconf 88' lang='lat' dir='ltr'>quid</span> <span class='ocrx_word' id='word_1_327' title='bbox 2202 2535 2344 2609; x_wconf 84' lang='lat' dir='ltr'>intersit</span> 
     </span>
    </p>
   </div>
   <div class='ocr_carea' id='block_1_16' title="bbox 1333 2637 2455 2731">
    <p class='ocr_par' dir='ltr' id='par_1_29' title="bbox 1333 2637 2455 2731">
     <span class='ocr_line' id='line_1_67' title="bbox 1333 2637 2455 2731; baseline 0.007 -25"><span class='ocrx_word' id='word_1_328' title='bbox 1333 2639 1442 2709; x_wconf 85' lang='lat' dir='ltr'>&#39;inter</span> <span class='ocrx_word' id='word_1_329' title='bbox 1457 2660 1662 2731; x_wconf 83' lang='lat' dir='ltr'>pronomen</span> <span class='ocrx_word' id='word_1_330' title='bbox 1678 2649 1714 2706; x_wconf 90' lang='lat' dir='ltr'>et</span> <span class='ocrx_word' id='word_1_331' title='bbox 1729 2638 1932 2708; x_wconf 88' lang='lat' dir='ltr'>articulum.</span> <span class='ocrx_word' id='word_1_332' title='bbox 1979 2637 2044 2709; x_wconf 86' lang='lat' dir='ltr'>Est</span> <span class='ocrx_word' id='word_1_333' title='bbox 2057 2639 2153 2709; x_wconf 89' lang='lat' dir='ltr'>enim</span> <span class='ocrx_word' id='word_1_334' title='bbox 2172 2640 2343 2713; x_wconf 74' lang='lat' dir='ltr'>articulus</span> <span class='ocrx_word' id='word_1_335' title='bbox 2428 2687 2431 2693; x_wconf 95' lang='lat'>-</span> <span class='ocrx_word' id='word_1_336' title='bbox 2450 2652 2455 2662; x_wconf 93' lang='lat'>&#39;</span> 
     </span>
    </p>
   </div>
   <div class='ocr_carea' id='block_1_17' title="bbox 1346 2737 2435 4784">
    <p class='ocr_par' dir='ltr' id='par_1_30' title="bbox 1346 2737 2435 4784">
     <span class='ocr_line' id='line_1_68' title="bbox 1346 2737 2342 2834; baseline 0.003 -26"><span class='ocrx_word' id='word_1_337' title='bbox 1346 2764 1423 2808; x_wconf 93' lang='lat' dir='ltr'>non</span> <span class='ocrx_word' id='word_1_338' title='bbox 1448 2742 1511 2834; x_wconf 91' lang='lat' dir='ltr'>qui</span> <span class='ocrx_word' id='word_1_339' title='bbox 1534 2739 1573 2807; x_wconf 91' lang='lat' dir='ltr'>in</span> <span class='ocrx_word' id='word_1_340' title='bbox 1588 2737 1833 2809; x_wconf 78' lang='lat' dir='ltr'>Grammatico</span> <span class='ocrx_word' id='word_1_341' title='bbox 1855 2751 1996 2808; x_wconf 90' lang='lat' dir='ltr'>tantum</span> <span class='ocrx_word' id='word_1_342' title='bbox 2020 2740 2261 2812; x_wconf 90' lang='lat' dir='ltr'>declinatione</span> <span class='ocrx_word' id='word_1_343' title='bbox 2284 2763 2342 2813; x_wconf 80' lang='lat' dir='ltr'>ca·</span> 
     </span>
     <span class='ocr_line' id='line_1_69' title="bbox 1347 2832 2341 2934; baseline -0.003 -19"><span class='ocrx_word' id='word_1_344' title='bbox 1347 2866 1407 2916; x_wconf 87' lang='lat' dir='ltr'>sus</span> <span class='ocrx_word' id='word_1_345' title='bbox 1423 2855 1487 2913; x_wconf 91' lang='lat' dir='ltr'>aut</span> <span class='ocrx_word' id='word_1_346' title='bbox 1501 2864 1632 2934; x_wconf 81' lang='lat' dir='ltr'>genera</span> <span class='ocrx_word' id='word_1_347' title='bbox 1650 2832 1806 2925; x_wconf 86' lang='lat' dir='ltr'>indicat,</span> <span class='ocrx_word' id='word_1_348' title='bbox 1832 2842 1896 2913; x_wconf 92' lang='lat' dir='ltr'>sed</span> <span class='ocrx_word' id='word_1_349' title='bbox 1909 2864 1982 2933; x_wconf 89' lang='lat' dir='ltr'>quo</span> <span class='ocrx_word' id='word_1_350' title='bbox 1999 2841 2038 2910; x_wconf 92' lang='lat' dir='ltr'>in</span> <span class='ocrx_word' id='word_1_351' title='bbox 2052 2865 2220 2913; x_wconf 89' lang='lat' dir='ltr'>sermone</span> <span class='ocrx_word' id='word_1_352' title='bbox 2234 2842 2341 2912; x_wconf 87' lang='lat' dir='ltr'>etiam</span> 
     </span>
     <span class='ocr_line' id='line_1_70' title="bbox 1348 2941 2343 3038; baseline -0.001 -23"><span class='ocrx_word' id='word_1_353' title='bbox 1348 2957 1483 3016; x_wconf 87' lang='lat' dir='ltr'>certam</span> <span class='ocrx_word' id='word_1_354' title='bbox 1508 2968 1585 3014; x_wconf 91' lang='lat' dir='ltr'>rem</span> <span class='ocrx_word' id='word_1_355' title='bbox 1610 2946 1900 3015; x_wconf 87' lang='lat' dir='ltr'>demonstramus</span> <span class='ocrx_word' id='word_1_356' title='bbox 1908 2941 1968 3038; x_wconf 67' lang='grc' dir='ltr'>ω)</span> <span class='ocrx_word' id='word_1_357' title='bbox 2027 2941 2200 3016; x_wconf 82' lang='lat' dir='ltr'>Latinum</span> <span class='ocrx_word' id='word_1_358' title='bbox 2225 2968 2343 3016; x_wconf 83' lang='lat' dir='ltr'>exem-</span> 
     </span>
     <span class='ocr_line' id='line_1_71' title="bbox 1347 3045 2435 3142; baseline 0.003 -24"><span class='ocrx_word' id='word_1_359' title='bbox 1347 3048 1449 3142; x_wconf 92' lang='lat' dir='ltr'>plum</span> <span class='ocrx_word' id='word_1_360' title='bbox 1473 3046 1632 3139; x_wconf 91' lang='lat' dir='ltr'>proponi</span> <span class='ocrx_word' id='word_1_361' title='bbox 1652 3046 1792 3116; x_wconf 91' lang='lat' dir='ltr'>nullum</span> <span class='ocrx_word' id='word_1_362' title='bbox 1813 3057 1942 3137; x_wconf 80' lang='lat' dir='ltr'>potest.</span> <span class='ocrx_word' id='word_1_363' title='bbox 1993 3045 2089 3118; x_wconf 84' lang='lat' dir='ltr'>Nam</span> <span class='ocrx_word' id='word_1_364' title='bbox 2102 3045 2255 3119; x_wconf 87' lang='lat' dir='ltr'>Latinus</span> <span class='ocrx_word' id='word_1_365' title='bbox 2270 3071 2342 3121; x_wconf 79' lang='lat' dir='ltr'>scr·</span> <span class='ocrx_word' id='word_1_366' title='bbox 2426 3094 2435 3103; x_wconf 85' lang='lat'><em>—</em></span> 
     </span>
     <span class='ocr_line' id='line_1_72' title="bbox 1348 3145 2343 3244; baseline 0 -23"><span class='ocrx_word' id='word_1_367' title='bbox 1348 3170 1411 3221; x_wconf 90' lang='lat' dir='ltr'>mo</span> <span class='ocrx_word' id='word_1_368' title='bbox 1433 3150 1472 3219; x_wconf 91' lang='lat' dir='ltr'>in</span> <span class='ocrx_word' id='word_1_369' title='bbox 1495 3149 1703 3221; x_wconf 88' lang='lat' dir='ltr'>uuiversum</span> <span class='ocrx_word' id='word_1_370' title='bbox 1719 3160 1818 3219; x_wconf 88' lang='lat' dir='ltr'>caret</span> <span class='ocrx_word' id='word_1_371' title='bbox 1833 3146 2011 3233; x_wconf 84' lang='lat' dir='ltr'>articulis,</span> <span class='ocrx_word' id='word_1_372' title='bbox 2036 3145 2343 3244; x_wconf 47' lang='lat' dir='ltr'>Germaniffihs-</span> 
     </span>
     <span class='ocr_line' id='line_1_73' title="bbox 1347 3251 2345 3350; baseline 0 -27"><span class='ocrx_word' id='word_1_373' title='bbox 1347 3254 1437 3324; x_wconf 90' lang='lat' dir='ltr'>bent</span> <span class='ocrx_word' id='word_1_374' title='bbox 1459 3252 1649 3335; x_wconf 87' lang='lat' dir='ltr'>articulos,</span> <span class='ocrx_word' id='word_1_375' title='bbox 1674 3253 1980 3347; x_wconf 89' lang='lat' dir='ltr'>quemadmodum</span> <span class='ocrx_word' id='word_1_376' title='bbox 2001 3264 2037 3321; x_wconf 93' lang='lat' dir='ltr'>et</span> <span class='ocrx_word' id='word_1_377' title='bbox 2050 3252 2200 3338; x_wconf 84' lang='lat' dir='ltr'>Graeci,</span> <span class='ocrx_word' id='word_1_378' title='bbox 2224 3251 2345 3350; x_wconf 70' lang='lat' dir='ltr'>‹irup-</span> 
     </span>
     <span class='ocr_line' id='line_1_74' title="bbox 1349 3350 2344 3454; baseline -0.004 -25"><span class='ocrx_word' id='word_1_379' title='bbox 1349 3355 1451 3454; x_wconf 79' lang='grc' dir='ltr'>θρον</span> <span class='ocrx_word' id='word_1_380' title='bbox 1471 3350 1556 3441; x_wconf 74' lang='lat' dir='ltr'>est,</span> <span class='ocrx_word' id='word_1_381' title='bbox 1571 3381 1651 3425; x_wconf 92' lang='lat' dir='ltr'>cum</span> <span class='ocrx_word' id='word_1_382' title='bbox 1673 3354 1849 3447; x_wconf 87' lang='lat' dir='ltr'>particula</span> <span class='ocrx_word' id='word_1_383' title='bbox 1872 3354 1931 3423; x_wconf 90' lang='lat' dir='ltr'>ein</span> <span class='ocrx_word' id='word_1_384' title='bbox 1951 3366 2119 3425; x_wconf 86' lang='lat' dir='ltr'>utuntur:</span> <span class='ocrx_word' id='word_1_385' title='bbox 2151 3356 2200 3428; x_wconf 86' lang='lat' dir='ltr'>Es</span> <span class='ocrx_word' id='word_1_386' title='bbox 2216 3356 2264 3428; x_wconf 86' lang='lat' dir='ltr'>ist</span> <span class='ocrx_word' id='word_1_387' title='bbox 2284 3356 2344 3426; x_wconf 88' lang='lat' dir='ltr'>ein</span> 
     </span>
     <span class='ocr_line' id='line_1_75' title="bbox 1349 3450 2343 3530; baseline -0.001 -2"><span class='ocrx_word' id='word_1_388' title='bbox 1349 3461 1508 3530; x_wconf 88' lang='lat' dir='ltr'>manda.</span> <span class='ocrx_word' id='word_1_389' title='bbox 1561 3457 1800 3528; x_wconf 79' lang='lat' dir='ltr'>Articulatum</span> <span class='ocrx_word' id='word_1_390' title='bbox 1820 3468 1890 3527; x_wconf 89' lang='lat' dir='ltr'>est:</span> <span class='ocrx_word' id='word_1_391' title='bbox 1916 3450 1977 3525; x_wconf 79' lang='lat' dir='ltr'>leh</span> <span class='ocrx_word' id='word_1_392' title='bbox 1993 3452 2064 3526; x_wconf 89' lang='lat' dir='ltr'>bab</span> <span class='ocrx_word' id='word_1_393' title='bbox 2080 3461 2162 3528; x_wconf 89' lang='lat' dir='ltr'>dem</span> <span class='ocrx_word' id='word_1_394' title='bbox 2178 3482 2264 3528; x_wconf 85' lang='lat' dir='ltr'>mon</span> <span class='ocrx_word' id='word_1_395' title='bbox 2278 3460 2343 3528; x_wconf 87' lang='lat' dir='ltr'>das</span> 
     </span>
     <span class='ocr_line' id='line_1_76' title="bbox 1350 3552 2344 3658; baseline -0.002 -27"><span class='ocrx_word' id='word_1_396' title='bbox 1350 3562 1424 3656; x_wconf 88' lang='lat' dir='ltr'>gelt</span> <span class='ocrx_word' id='word_1_397' title='bbox 1446 3563 1580 3651; x_wconf 88' lang='lat' dir='ltr'>geben,</span> <span class='ocrx_word' id='word_1_398' title='bbox 1620 3554 1744 3632; x_wconf 71' lang='lat' dir='ltr'>tatum</span> <span class='ocrx_word' id='word_1_399' title='bbox 1764 3561 1821 3652; x_wconf 80' lang='grc' dir='ltr'>τῷ</span> <span class='ocrx_word' id='word_1_400' title='bbox 1845 3552 1958 3654; x_wconf 77' lang='grc' dir='ltr'><em>ἀνδρὶ</em></span> <span class='ocrx_word' id='word_1_401' title='bbox 1979 3553 2023 3630; x_wconf 80' lang='grc' dir='ltr'>τὸ</span> <span class='ocrx_word' id='word_1_402' title='bbox 2046 3553 2244 3658; x_wconf 75' lang='grc' dir='ltr'>ἀργύριον.</span> <span class='ocrx_word' id='word_1_403' title='bbox 2302 3556 2344 3629; x_wconf 88' lang='lat' dir='ltr'>ld</span> 
     </span>
     <span class='ocr_line' id='line_1_77' title="bbox 1350 3656 2343 3753; baseline 0 -21"><span class='ocrx_word' id='word_1_404' title='bbox 1350 3663 1480 3733; x_wconf 80' lang='lat' dir='ltr'>Latine</span> <span class='ocrx_word' id='word_1_405' title='bbox 1497 3686 1574 3731; x_wconf 91' lang='lat' dir='ltr'>non</span> <span class='ocrx_word' id='word_1_406' title='bbox 1591 3672 1687 3730; x_wconf 86' lang='lat' dir='ltr'>recte</span> <span class='ocrx_word' id='word_1_407' title='bbox 1703 3673 1835 3729; x_wconf 88' lang='lat' dir='ltr'>vertas:</span> <span class='ocrx_word' id='word_1_408' title='bbox 1864 3658 1958 3728; x_wconf 90' lang='lat' dir='ltr'>Dedi</span> <span class='ocrx_word' id='word_1_409' title='bbox 1973 3656 2057 3730; x_wconf 86' lang='lat' dir='ltr'>huie</span> <span class='ocrx_word' id='word_1_410' title='bbox 2076 3661 2157 3731; x_wconf 92' lang='lat' dir='ltr'>viro</span> <span class='ocrx_word' id='word_1_411' title='bbox 2171 3657 2265 3731; x_wconf 88' lang='lat' dir='ltr'>hanc</span> <span class='ocrx_word' id='word_1_412' title='bbox 2280 3684 2343 3753; x_wconf 85' lang='lat' dir='ltr'>ps-</span> 
     </span>
     <span class='ocr_line' id='line_1_78' title="bbox 1350 3764 2343 3854; baseline -0.001 -17"><span class='ocrx_word' id='word_1_413' title='bbox 1350 3765 1508 3837; x_wconf 89' lang='lat' dir='ltr'>cuniam.</span> <span class='ocrx_word' id='word_1_414' title='bbox 1570 3764 1664 3836; x_wconf 84' lang='lat' dir='ltr'>Nam</span> <span class='ocrx_word' id='word_1_415' title='bbox 1701 3775 1926 3854; x_wconf 88' lang='lat' dir='ltr'>praesentem</span> <span class='ocrx_word' id='word_1_416' title='bbox 1961 3786 2061 3844; x_wconf 92' lang='lat' dir='ltr'>rem,</span> <span class='ocrx_word' id='word_1_417' title='bbox 2094 3788 2170 3832; x_wconf 90' lang='lat' dir='ltr'>non</span> <span class='ocrx_word' id='word_1_418' title='bbox 2202 3775 2343 3836; x_wconf 86' lang='lat' dir='ltr'>tantum</span> 
     </span>
     <span class='ocr_line' id='line_1_79' title="bbox 1351 3864 2343 3959; baseline -0.001 -21"><span class='ocrx_word' id='word_1_419' title='bbox 1351 3881 1506 3952; x_wconf 88' lang='lat' dir='ltr'>certam,</span> <span class='ocrx_word' id='word_1_420' title='bbox 1547 3867 1765 3959; x_wconf 89' lang='lat' dir='ltr'>pronomina</span> <span class='ocrx_word' id='word_1_421' title='bbox 1796 3868 2059 3936; x_wconf 88' lang='lat' dir='ltr'>demonstrant.</span> <span class='ocrx_word' id='word_1_422' title='bbox 2131 3864 2228 3958; x_wconf 88' lang='lat' dir='ltr'>Ergo</span> <span class='ocrx_word' id='word_1_423' title='bbox 2262 3890 2343 3938; x_wconf 86' lang='lat' dir='ltr'>oum</span> 
     </span>
     <span class='ocr_line' id='line_1_80' title="bbox 1349 3967 2344 4059; baseline 0 -21"><span class='ocrx_word' id='word_1_424' title='bbox 1349 3970 1474 4040; x_wconf 88' lang='lat' dir='ltr'>Latini</span> <span class='ocrx_word' id='word_1_425' title='bbox 1492 3982 1644 4041; x_wconf 90' lang='lat' dir='ltr'>utuntur</span> <span class='ocrx_word' id='word_1_426' title='bbox 1672 3968 1848 4059; x_wconf 84' lang='lat' dir='ltr'>particula</span> <span class='ocrx_word' id='word_1_427' title='bbox 1870 3968 1937 4038; x_wconf 85' lang='lat' dir='ltr'>Hie</span> <span class='ocrx_word' id='word_1_428' title='bbox 1956 3967 1995 4038; x_wconf 93' lang='lat' dir='ltr'>in</span> <span class='ocrx_word' id='word_1_429' title='bbox 2014 3968 2249 4052; x_wconf 86' lang='lat' dir='ltr'>declinando,</span> <span class='ocrx_word' id='word_1_430' title='bbox 2280 3991 2344 4038; x_wconf 89' lang='lat' dir='ltr'>vo·</span> 
     </span>
     <span class='ocr_line' id='line_1_81' title="bbox 1349 4070 2346 4163; baseline -0.004 -20"><span class='ocrx_word' id='word_1_431' title='bbox 1349 4075 1497 4145; x_wconf 88' lang='lat' dir='ltr'>luerunt</span> <span class='ocrx_word' id='word_1_432' title='bbox 1522 4071 1681 4144; x_wconf 88' lang='lat' dir='ltr'>mutuari</span> <span class='ocrx_word' id='word_1_433' title='bbox 1705 4095 1725 4140; x_wconf 87' lang='lat' dir='ltr'>a</span> <span class='ocrx_word' id='word_1_434' title='bbox 1749 4070 1966 4163; x_wconf 88' lang='lat' dir='ltr'>pronomine</span> <span class='ocrx_word' id='word_1_435' title='bbox 1988 4082 2113 4142; x_wconf 90' lang='lat' dir='ltr'>notam</span> <span class='ocrx_word' id='word_1_436' title='bbox 2140 4091 2286 4144; x_wconf 83' lang='lat' dir='ltr'>casuum</span> <span class='ocrx_word' id='word_1_437' title='bbox 2309 4083 2346 4139; x_wconf 92' lang='lat' dir='ltr'>et</span> 
     </span>
     <span class='ocr_line' id='line_1_82' title="bbox 1350 4174 2344 4268; baseline -0.003 -21"><span class='ocrx_word' id='word_1_438' title='bbox 1350 4199 1542 4268; x_wconf 58' lang='lat' dir='ltr'>generum</span> <span class='ocrx_word' id='word_1_439' title='bbox 1567 4198 1644 4245; x_wconf 92' lang='lat' dir='ltr'>non</span> <span class='ocrx_word' id='word_1_440' title='bbox 1660 4174 1850 4245; x_wconf 90' lang='lat' dir='ltr'>articulum</span> <span class='ocrx_word' id='word_1_441' title='bbox 1867 4176 2023 4256; x_wconf 88' lang='lat' dir='ltr'>tradere,</span> <span class='ocrx_word' id='word_1_442' title='bbox 2048 4196 2121 4266; x_wconf 90' lang='lat' dir='ltr'>quo</span> <span class='ocrx_word' id='word_1_443' title='bbox 2138 4174 2177 4241; x_wconf 90' lang='lat' dir='ltr'>in</span> <span class='ocrx_word' id='word_1_444' title='bbox 2192 4174 2344 4265; x_wconf 85' lang='lat' dir='ltr'>loquen—</span> 
     </span>
     <span class='ocr_line' id='line_1_83' title="bbox 1351 4275 2343 4367; baseline -0.004 -18"><span class='ocrx_word' id='word_1_445' title='bbox 1351 4282 1398 4349; x_wconf 93' lang='lat' dir='ltr'>do</span> <span class='ocrx_word' id='word_1_446' title='bbox 1421 4292 1617 4351; x_wconf 88' lang='lat' dir='ltr'>uteremur.</span> <span class='ocrx_word' id='word_1_447' title='bbox 1676 4275 1774 4346; x_wconf 87' lang='lat' dir='ltr'>Haeo</span> <span class='ocrx_word' id='word_1_448' title='bbox 1791 4276 1978 4346; x_wconf 87' lang='lat' dir='ltr'>committo</span> <span class='ocrx_word' id='word_1_449' title='bbox 2005 4275 2168 4346; x_wconf 86' lang='lat' dir='ltr'>fidelibus</span> <span class='ocrx_word' id='word_1_450' title='bbox 2198 4298 2343 4367; x_wconf 85' lang='lat' dir='ltr'>praece-</span> 
     </span>
     <span class='ocr_line' id='line_1_84' title="bbox 1351 4377 2344 4474; baseline -0.007 -21"><span class='ocrx_word' id='word_1_451' title='bbox 1351 4382 1533 4474; x_wconf 90' lang='lat' dir='ltr'>ptoribus,</span> <span class='ocrx_word' id='word_1_452' title='bbox 1565 4393 1606 4451; x_wconf 91' lang='lat' dir='ltr'>ut</span> <span class='ocrx_word' id='word_1_453' title='bbox 1628 4379 1808 4470; x_wconf 84' lang='lat' dir='ltr'>copiosius</span> <span class='ocrx_word' id='word_1_454' title='bbox 1828 4379 2016 4471; x_wconf 80' lang='lat' dir='ltr'>explicent.</span> <span class='ocrx_word' id='word_1_455' title='bbox 2087 4377 2162 4450; x_wconf 87' lang='lat' dir='ltr'>Nee</span> <span class='ocrx_word' id='word_1_456' title='bbox 2184 4388 2344 4469; x_wconf 79' lang='lat' dir='ltr'>praeter·</span> 
     </span>
     <span class='ocr_line' id='line_1_85' title="bbox 1351 4477 2340 4576; baseline -0.007 -20"><span class='ocrx_word' id='word_1_457' title='bbox 1351 4486 1469 4556; x_wconf 82' lang='lat' dir='ltr'>cunda</span> <span class='ocrx_word' id='word_1_458' title='bbox 1508 4495 1614 4553; x_wconf 89' lang='lat' dir='ltr'>erant</span> <span class='ocrx_word' id='word_1_459' title='bbox 1645 4495 1795 4575; x_wconf 91' lang='lat' dir='ltr'>propter</span> <span class='ocrx_word' id='word_1_460' title='bbox 1826 4481 2014 4555; x_wconf 80' lang='lat' dir='ltr'>stultitiam</span> <span class='ocrx_word' id='word_1_461' title='bbox 2030 4477 2079 4576; x_wconf 64' lang='lat'>⁶)</span> <span class='ocrx_word' id='word_1_462' title='bbox 2112 4481 2340 4575; x_wconf 83' lang='lat' dir='ltr'>quorundum</span> 
     </span>
     <span class='ocr_line' id='line_1_86' title="bbox 1349 4579 2341 4681; baseline -0.005 -22"><span class='ocrx_word' id='word_1_463' title='bbox 1349 4586 1712 4670; x_wconf 84' lang='lat' dir='ltr'>Grammatistarum‚</span> <span class='ocrx_word' id='word_1_464' title='bbox 1750 4586 1814 4681; x_wconf 90' lang='lat' dir='ltr'>qui</span> <span class='ocrx_word' id='word_1_465' title='bbox 1851 4579 2112 4680; x_wconf 54' lang='lat' dir='ltr'>docueruntoe)</span> <span class='ocrx_word' id='word_1_466' title='bbox 2152 4582 2341 4654; x_wconf 85' lang='lat' dir='ltr'>articulum</span> 
     </span>
     <span class='ocr_line' id='line_1_87' title="bbox 1350 4687 2303 4784; baseline -0.008 -23"><span class='ocrx_word' id='word_1_467' title='bbox 1350 4715 1426 4763; x_wconf 90' lang='lat' dir='ltr'>esse</span> <span class='ocrx_word' id='word_1_468' title='bbox 1451 4693 1547 4784; x_wconf 88' lang='lat' dir='ltr'>apud</span> <span class='ocrx_word' id='word_1_469' title='bbox 1572 4687 1733 4759; x_wconf 79' lang='lat' dir='ltr'>Latinos.</span> <span class='ocrx_word' id='word_1_470' title='bbox 2300 4703 2303 4708; x_wconf 85' lang='lat'>·</span> 
     </span>
    </p>
   </div>
   <div class='ocr_carea' id='block_1_18' title="bbox 1635 4815 2002 4948">
    <p class='ocr_par' dir='ltr' id='par_1_31' title="bbox 1635 4815 2002 4948">
     <span class='ocr_line' id='line_1_88' title="bbox 1635 4815 2002 4948; baseline 0.005 -2"><span class='ocrx_word' id='word_1_471' title='bbox 1635 4845 1642 4854; x_wconf 80' lang='grc'><em>’</em></span> <span class='ocrx_word' id='word_1_472' title='bbox 1692 4815 2002 4948; x_wconf 79' lang='lat' dir='ltr'>unvnuuo</span> 
     </span>
    </p>
   </div>
   <div class='ocr_carea' id='block_1_19' title="bbox 1350 5012 2345 5315">
    <p class='ocr_par' dir='ltr' id='par_1_32' title="bbox 1350 5012 2345 5315">
     <span class='ocr_line' id='line_1_89' title="bbox 1454 5012 2345 5106; baseline -0.002 -23"><span class='ocrx_word' id='word_1_473' title='bbox 1454 5014 1614 5084; x_wconf 85' lang='lat' dir='ltr'>Verbum</span> <span class='ocrx_word' id='word_1_474' title='bbox 1642 5027 1695 5085; x_wconf 89' lang='lat' dir='ltr'>est</span> <span class='ocrx_word' id='word_1_475' title='bbox 1723 5038 1795 5084; x_wconf 82' lang='lat' dir='ltr'>vox</span> <span class='ocrx_word' id='word_1_476' title='bbox 1810 5012 2027 5106; x_wconf 85' lang='lat' dir='ltr'>significans</span> <span class='ocrx_word' id='word_1_477' title='bbox 2048 5034 2152 5105; x_wconf 84' lang='lat' dir='ltr'>agere</span> <span class='ocrx_word' id='word_1_478' title='bbox 2175 5025 2238 5083; x_wconf 85' lang='lat' dir='ltr'>aut</span> <span class='ocrx_word' id='word_1_479' title='bbox 2256 5012 2345 5104; x_wconf 78' lang='lat' dir='ltr'>pati,</span> 
     </span>
     <span class='ocr_line' id='line_1_90' title="bbox 1350 5114 2344 5208; baseline -0.003 -19"><span class='ocrx_word' id='word_1_480' title='bbox 1350 5132 1392 5189; x_wconf 95' lang='lat' dir='ltr'>ut</span> <span class='ocrx_word' id='word_1_481' title='bbox 1411 5119 1623 5202; x_wconf 89' lang='lat' dir='ltr'>verberare,</span> <span class='ocrx_word' id='word_1_482' title='bbox 1650 5117 1743 5188; x_wconf 91' lang='lat' dir='ltr'>actio</span> <span class='ocrx_word' id='word_1_483' title='bbox 1768 5130 1838 5202; x_wconf 92' lang='lat' dir='ltr'>est,</span> <span class='ocrx_word' id='word_1_484' title='bbox 1865 5116 1984 5208; x_wconf 87' lang='lat' dir='ltr'>passio</span> <span class='ocrx_word' id='word_1_485' title='bbox 2000 5117 2195 5193; x_wconf 86' lang='lat' dir='ltr'>verberari.</span> <span class='ocrx_word' id='word_1_486' title='bbox 2248 5114 2344 5187; x_wconf 82' lang='lat' dir='ltr'>Nen-</span> 
     </span>
     <span class='ocr_line' id='line_1_91' title="bbox 1350 5217 2344 5315; baseline -0.004 -24"><span class='ocrx_word' id='word_1_487' title='bbox 1350 5235 1406 5291; x_wconf 87' lang='lat' dir='ltr'>tre</span> <span class='ocrx_word' id='word_1_488' title='bbox 1421 5245 1566 5315; x_wconf 90' lang='lat' dir='ltr'>quoque</span> <span class='ocrx_word' id='word_1_489' title='bbox 1584 5222 1692 5290; x_wconf 91' lang='lat' dir='ltr'>verba</span> <span class='ocrx_word' id='word_1_490' title='bbox 1711 5222 1975 5313; x_wconf 89' lang='lat' dir='ltr'>propemodum</span> <span class='ocrx_word' id='word_1_491' title='bbox 1995 5219 2195 5311; x_wconf 86' lang='lat' dir='ltr'>significant</span> <span class='ocrx_word' id='word_1_492' title='bbox 2209 5217 2344 5311; x_wconf 71' lang='lat' dir='ltr'>passio</span> 
     </span>
    </p>
   </div>
   <div class='ocr_carea' id='block_1_20' title="bbox 1382 5456 2231 5698">
    <p class='ocr_par' dir='ltr' id='par_1_33' title="bbox 1382 5456 2231 5698">
     <span class='ocr_line' id='line_1_92' title="bbox 1383 5456 1931 5525; baseline 0.007 -16"><span class='ocrx_word' id='word_1_493' title='bbox 1383 5457 1433 5524; x_wconf 85' lang='lat' dir='ltr'>os)</span> <span class='ocrx_word' id='word_1_494' title='bbox 1451 5456 1662 5525; x_wconf 78' lang='lat' dir='ltr'>ArtteutoJlld.</span> <span class='ocrx_word' id='word_1_495' title='bbox 1681 5472 1705 5511; x_wconf 87' lang='lat' dir='ltr'>s.</span> <span class='ocrx_word' id='word_1_496' title='bbox 1719 5471 1762 5510; x_wconf 71' lang='lat' dir='ltr'>u:</span> <span class='ocrx_word' id='word_1_497' title='bbox 1787 5458 1931 5513; x_wconf 79' lang='lat' dir='ltr'>Artloulls.</span> 
     </span>
     <span class='ocr_line' id='line_1_93' title="bbox 1383 5542 2231 5612; baseline 0.004 -18"><span class='ocrx_word' id='word_1_498' title='bbox 1383 5542 1432 5610; x_wconf 82' lang='lat' dir='ltr'>ss)</span> <span class='ocrx_word' id='word_1_499' title='bbox 1452 5546 1698 5606; x_wconf 71' lang='lat' dir='ltr'>demonstremus]</span> <span class='ocrx_word' id='word_1_500' title='bbox 1714 5544 1801 5598; x_wconf 71' lang='lat' dir='ltr'>leuitt.</span> <span class='ocrx_word' id='word_1_501' title='bbox 1821 5544 1908 5612; x_wconf 67' lang='lat' dir='ltr'>lm,</span> <span class='ocrx_word' id='word_1_502' title='bbox 1927 5558 1951 5596; x_wconf 84' lang='lat' dir='ltr'>s.</span> <span class='ocrx_word' id='word_1_503' title='bbox 1965 5557 2008 5598; x_wconf 73' lang='grc' dir='ltr'>ιτ</span> <span class='ocrx_word' id='word_1_504' title='bbox 2032 5542 2231 5610; x_wconf 70' lang='lat' dir='ltr'>arguimus.</span> 
     </span>
     <span class='ocr_line' id='line_1_94' title="bbox 1382 5628 2164 5698; baseline 0.003 -17"><span class='ocrx_word' id='word_1_505' title='bbox 1382 5628 1433 5698; x_wconf 74' lang='grc'>67)</span> <span class='ocrx_word' id='word_1_506' title='bbox 1451 5631 1600 5692; x_wconf 68' lang='lat' dir='ltr'>cernent]</span> <span class='ocrx_word' id='word_1_507' title='bbox 1621 5631 1705 5687; x_wconf 73' lang='lat' dir='ltr'>uolet.</span> <span class='ocrx_word' id='word_1_508' title='bbox 1725 5632 1814 5697; x_wconf 69' lang='lat' dir='ltr'>tm,</span> <span class='ocrx_word' id='word_1_509' title='bbox 1833 5645 1858 5681; x_wconf 84' lang='lat' dir='ltr'>s.</span> <span class='ocrx_word' id='word_1_510' title='bbox 1876 5642 1919 5681; x_wconf 72' lang='lat' dir='ltr'>n:</span> <span class='ocrx_word' id='word_1_511' title='bbox 1944 5630 2077 5682; x_wconf 66' lang='lat' dir='ltr'>cernent</span> <span class='ocrx_word' id='word_1_512' title='bbox 2095 5641 2164 5683; x_wconf 82' lang='lat' dir='ltr'>vero</span> 
     </span>
    </p>
   </div>
   <div class='ocr_carea' id='block_1_21' title="bbox 1383 5697 2345 5839">
    <p class='ocr_par' dir='ltr' id='par_1_34' title="bbox 1383 5697 2345 5840">
     <span class='ocr_line' id='line_1_95' title="bbox 1383 5697 2345 5839; baseline -0.003 -72"><span class='ocrx_word' id='word_1_513' title='bbox 1383 5713 1432 5782; x_wconf 73' lang='lat'>⁶8)</span> <span class='ocrx_word' id='word_1_514' title='bbox 1450 5714 1600 5839; x_wconf 48' lang='lat' dir='ltr'>”2¹0⁰aess</span> <span class='ocrx_word' id='word_1_515' title='bbox 1615 5754 1659 5837; x_wconf 46' lang='lat' dir='ltr'>..p</span> <span class='ocrx_word' id='word_1_516' title='bbox 1679 5714 1843 5784; x_wconf 80' lang='lat' dir='ltr'>docuerunt]</span> <span class='ocrx_word' id='word_1_517' title='bbox 1862 5717 1953 5770; x_wconf 68' lang='lat' dir='ltr'>uuis</span> <span class='ocrx_word' id='word_1_518' title='bbox 1972 5717 2067 5787; x_wconf 66' lang='lat' dir='ltr'>lm,</span> <span class='ocrx_word' id='word_1_519' title='bbox 2096 5731 2120 5767; x_wconf 88' lang='lat' dir='ltr'>s.</span> <span class='ocrx_word' id='word_1_520' title='bbox 2136 5729 2178 5767; x_wconf 69' lang='lat' dir='ltr'>n:</span> <span class='ocrx_word' id='word_1_521' title='bbox 2197 5697 2345 5765; x_wconf 65' lang='lat' dir='ltr'>&#39;baddau</span> 
     </span>
     <span class='ocr_line' id='line_1_96' title="bbox 1516 5798 1637 5838; baseline 0.014 -1.665"><span class='ocrx_word' id='word_1_522' title='bbox 1516 5798 1534 5838; x_wconf 90' lang='lat' dir='ltr'>n</span> <span class='ocrx_word' id='word_1_523' title='bbox 1600 5798 1637 5838; x_wconf 80' lang='grc' dir='ltr'>ιι</span> 
     </span>
    </p>
   </div>
   <div class='ocr_carea' id='block_1_22' title="bbox 0 0 2776 6692">
    <p class='ocr_par' dir='ltr' id='par_1_35' title="bbox 0 0 2776 6692">
     <span class='ocr_line' id='line_1_97' title="bbox 0 0 2776 6692; baseline 0 0"><span class='ocrx_word' id='word_1_524' title='bbox 0 0 2776 6692; x_wconf 95' lang='lat' dir='ltr'> </span> 
     </span>
    </p>
   </div>
  </div>
 </body>
</html>
