5534 6700
438 562 512 637 tat
1061 560 1183 636 PlllL.
1209 561 1325 637 arra„
1351 554 1555 638 sctum
1578 560 1850 639 tls-walen
2306 631 2310 638 .
2397 566 2475 642 408

440 735 510 805 erit
524 733 653 806 'l'urcis
666 745 789 826 postea
808 755 871 824 per
886 731 1374 828 occasionem,·irruptiones
1389 736 1429 805 in
1481 749 1566 805 tem.
1620 736 1777 806 Maiores
1799 735 1914 805 nostri
1939 747 2092 828 quantas
2116 757 2173 805 rea
2195 751 2403 824 gesserunt,
2434 755 2477 811 ut

441 837 672 908 Germaniam
688 837 825 917 faeere,
853 835 992 928 quoties
1008 838 1130 908 velint.
1181 835 1338 910 Acmihi
1354 862 1429 909 cre·
1481 839 1519 906 in
1546 837 1630 906 Asia
1665 837 1906 930 reprimerent
1937 832 2219 907 Mahometicam
2253 839 2475 913 barbariem!

441 941 534 1024 dite,
558 963 632 1006 non
656 938 772 1006 solum
798 938 956 1021 fortiter,
983 940 1043 1010 s'ed
1070 940 1177 1009 etiam
1195 965 1328 1033 magno
1344 964 1428 1010 con·
1481 939 1536 1009 llli
1558 963 1633 1008 non
1653 940 1888 1023 dubitabant,
1917 940 2024 1008 talem
2049 934 2189 1008 hostem
2214 943 2342 1030 procul
2364 970 2475 1039 quae·

440 1043 522 1114 silio
537 1041 677 1109 'furcae
697 1039 972 1130 belligerantur,
997 1043 1126 1111 intenti
1148 1045 1184 1111 in
1207 1044 1429 1123 occasionem
1482 1066 1573 1125 rere,
1599 1066 1696 1112 nunc
1711 1043 1854 1113 'furcae
1871 1064 2021 1132 regnum
2039 1041 2146 1112 nobis
2161 1041 2318 1112 vicinum
2336 1045 2476 1118 invase·

442 1168 507 1214 nec
524 1142 644 1211 omnia
664 1142 770 1212 simul
785 1166 961 1234 occupare
976 1158 1165 1228 conantur,
1187 1149 1247 1216 sed
1266 1168 1348 1217 aree
1365 1145 1430 1214 ali·
1482 1158 1587 1227 runt,
1613 1169 1679 1215 nec
1697 1157 1770 1214 tam
1788 1144 2013 1226 Pannoniae,
2038 1168 2149 1237 quam
2165 1144 2386 1218 Germaniae
2403 1150 2478 1219 bel·

443 1269 512 1341 qua
527 1244 612 1314 belli
627 1257 750 1337 capta,
777 1245 950 1336 paulatim
966 1259 1107 1316 tentant
1126 1249 1241 1318 vicina
1261 1250 1352 1319 loca.
1481 1247 1556 1318 lum
1571 1247 1798 1319 denuntiant.
1851 1246 2204 1318 Multosiamannos
2217 1247 2477 1340 Hungarornm

543 1346 601 1416 Ad
622 1343 690 1416 hoc
713 1348 848 1417 accedit
868 1349 1075 1434 assiduitas,
1100 1375 1171 1444 qua
1189 1353 1340 1423 coevisse
1354 1376 1431 1420 ma·
1483 1352 1615 1420 virtute
1636 1350 1822 1421 barbaries
1842 1351 1902 1418 illa
1927 1362 1981 1419 est
2003 1373 2024 1417 a
2046 1349 2179 1421 nostris
2199 1352 2400 1426 cervicibus
2416 1356 2477 1426 de-

442 1474 512 1542 gne
528 1449 680 1541 imperia
695 1452 885 1542 praecipue
901 1452 1080 1532 videmus;
1103 1454 1164 1523 ubi
1178 1456 1286 1526 semel
1302 1455 1429 1547 pedern
1483 1454 1606 1544 pulsa,
1638 1476 1705 1524 nos
1720 1452 1877 1522 vicissim
1901 1451 2044 1521 nationi
2065 1452 2157 1521 bene
2178 1454 2329 1525 meritae
2352 1459 2477 1527 defen·

442 1565 660 1645 posuerunt,
686 1555 770 1622 inde
789 1577 866 1622 non
882 1555 983 1624 facile
999 1557 1238 1647 depelluntur.
1290 1554 1431 1626 Deinde
1483 1555 1621 1626 sionem
1655 1556 1836 1625 debemus.
1897 1552 2025 1625 Manes
2059 1552 2167 1624 etiarn
2193 1555 2473 1633 fortissimorum

442 1655 672 1726 conamunitis
692 1656 736 1727 iis
759 1656 865 1739 locis,
892 1681 984 1752 quae
1007 1672 1248 1750 ocnrparunt,
1274 1661 1431 1729 tum-de·
1483 1658 1664 1739 virorum,
1696 1657 1759 1751 qui
1785 1657 1821 1725 in
1846 1656 1921 1725 acie
1944 1670 2094 1749 propter
2115 1682 2344 1729 communem
2367 1662 2475 1731 liber-

441 1783 543 1829 nmm
574 1780 672 1827 arma
702 1761 890 1850 proferunt
917 1760 1079 1831 ulterius.
1142 1762 1264 1854 Quare
1290 1760 1432 1833 etiamsi
1483 1771 1593 1829 tatem
1613 1759 1841 1841 ceciderunt,
1860 1757 2044 1851 {agitant,
2071 1771 2112 1828 ut
2133 1784 2219 1830 sisae
2238 1763 2377 1854 patriae
2396 1791 2475 1834 mu·

442 1861 674 1933 Germaniam
692 1865 854 1931 nondum
873 1862 1075 1953 attingunt,
1102 1888 1310 1958 quanquam
1325 1886 1431 1955 saepe
1483 1874 1582 1932 tuam
1607 1862 1759 1952 gratiam
1778 1863 1994 1944 mferamus,
2021 1885 2232 1956 quanquam
2245 1888 2285 1934 re
2304 1864 2381 1957 ipsa
2398 1890 2475 1936 non

442 1965 515 2034 iam
545 1964 583 2031 in
611 1963 747 2035 Carnas
772 1967 932 2033 fecemnt
951 1965 1188 2057 irruptiones:
1225 1979 1347 2035 tamen
1368 1965 1432 2035 ubi
1482 1964 1602 2035 minus
1616 1965 1766 2055 periculi
1781 1964 1906 2047 nobis,
1928 1988 2037 2059 quam
2053 1963 2261 2056 Hungariae
2277 1967 2475 2060 impendet.

442 2066 626 2158 Hungaria
650 2067 756 2157 potiti
778 2068 930 2150 fuerint,
963 2082 1069 2146 erunt
1089 2069 1217 2138 intenti
1242 2070 1279 2137 in
1305 2093 1431 2139 omnes
1585 2066 1736 2160 Reliqua
1753 2080 1805 2138 est
1821 2066 1932 2135 altera
1949 2091 2034 2159 pars
2053 2067 2333 2153 deliberationis,
2358 2095 2475 2165 quan-

330 2164 332 2172 ’
443 2169 666 2251 occasiones,
693 2183 733 2238 ut
755 2194 822 2241 nos
846 2171 1061 2261 imparatos,
1087 2185 1148 2240 aut
1173 2172 1361 2241 distractos
1376 2171 1432 2239 in·
1483 2169 1528 2239 tis
1545 2170 1658 2260 copiis
1674 2194 1731 2240 res
1746 2171 1900 2261 gerenda
1916 2170 1981 2253 sit,
2007 2195 2081 2264 quo
2096 2170 2134 2238 in
2151 2170 2232 2239 loco
2256 2172 2389 2241 bellum
2415 2174 2473 2243 in-

442 2272 581 2345 testinis
596 2272 782 2342 discordiis
801 2276 1020 2364 opprimant.
1482 2273 1683 2353 ferendum,
1708 2274 1805 2343 unde
1821 2285 2041 2343 commeatus
2057 2269 2292 2357 subrahendi,
2312 2273 2344 2345 si
2357 2275 2474 2343 animi

461 2446 468 2457 ,
543 2373 601 2456 si,
641 2388 682 2443 ut
714 2374 897 2466 Balgatia,
930 2389 969 2444 ut
995 2372 1164 2445 Valachis
1199 2379 1430 2467 imperarent,
1482 2398 1557 2443 non
1580 2369 1777 2443 abhorrent
1800 2377 1845 2443 ab
1862 2370 1932 2445 hoc
1946 2374 2057 2443 bello:
2091 2370 2181 2444 haec
2191 2377 2406 2447 deliberatio
2421 2379 2474 2447 fa·

442 2477 561 2546 nullos
575 2476 728 2560 labores,
753 2479 850 2547 nulla
868 2480 1081 2568 defugerunt
1095 2479 1265 2569 pericula,
1292 2490 1431 2572 quanto
1482 2477 1558 2546 cilis
1588 2477 1666 2546 erit.
1736 2477 1829 2548 Nam
1856 2501 2019 2547 summus
2041 2476 2228 2563 Pontifex,
2260 2504 2325 2549 r-er
2343 2478 2475 2572 llispa-

442 2580 556 2671 magis
580 2579 812 2648 Germaniam
838 2593 945 2673 atque
969 2577 1130 2663 ltaliam,
1163 2580 1257 2673 ipsas
1283 2580 1429 2674 quidem
1481 2579 1584 2661 niae,
1617 2593 1653 2648 et
1676 2578 1802 2648 Veneti
1836 2580 1982 2649 classem
2012 2579 2208 2665 instruent,
2242 2595 2279 2653 et
2308 2581 2472 2652 civitates

442 2704 540 2754 arces
557 2677 750 2751 Christiani
772 2683 929 2753 nominis
952 2696 1140 2774 appetent,
1169 2706 1258 2776 quas
1284 2683 1314 2752 si
1332 2695 1430 2751 tene-
1482 2681 1519 2750 in
1552 2682 1671 2751 littore
1702 2681 1804 2773 Epiri
1841 2694 1877 2752 et
1901 2682 2140 2775 Peloponnesi
2170 2682 2255 2754 sitas
2283 2684 2471 2754 invadent.

442 2798 522 2854 rent
544 2782 658 2876 (qnod
684 2779 873 2876 prohibeat
889 2784 1024 2883 Deus),
1054 2810 1128 2854 non
1147 2786 1262 2856 solum
1287 2784 1430 2877 imperii
1481 2784 1611 2855 Noster
1620 2786 1804 2856 exercitus
1821 2808 1905 2854 cum
1924 2786 2071 2856 Gallicis
2091 2798 2127 2855 et
2146 2784 2303 2876 tlnglicis
2326 2785 2472 2856 auriliis

441 2885 689 2979 magnitudine
721 2900 856 2958 veteres
889 2886 1075 2958 Romanos
1111 2899 1328 2981 aequarent,
1366 2889 1429 2959 sed
1482 2886 1519 2955 in
1535 2886 1744 2958 Pannonias
1757 2887 1941 2957 ducendus
1955 2888 2036 2958 erit.
2087 2888 2179 2959 Nam
2196 2888 2277 2957 ideo
2295 2911 2473 2980 propera-

442 2990 550 3059 etiam
573 3000 689 3056 totam
701 2986 950 3059 Christianam
973 2989 1182 3081 religionem
1206 2990 1340 3059 delesse
1359 2988 1429 3061 sibi
1481 3013 1573 3072 mos,
1598 3002 1639 3059 ut
1653 2985 1723 3059 hoc
1738 3014 1888 3081 regnum
1905 2989 2059 3060 Tuccico
2075 2990 2265 3060 latrocinio
2278 2990 2471 3070 lib'ereturs

441 3093 659 3160 viderentur.
685 3090 868 3159 Haberent
883 3093 1118 3162 accessionem
1132 3105 1269 3161 tantam
1282 3092 1429 3176 virium,
1480 3092 1565 3161 inde
1588 3092 1627 3160 in
1647 3089 1828 3185 Illyricum
1846 3093 2036 3163 transferri
2059 3094 2193 3163 bellum
2217 3093 2287 3161 erit
2310 3116 2473 3163 commo·

439 3206 481 3262 ut
503 3193 663 3284 reliquae
684 3193 848 3264 nationes
873 3193 949 3265 sine
965 3195 1040 3264 ullo
1056 3195 1250 3263 certamine
1266 3218 1429 3266 cessurae
1480 3195 1677 3265 dissimum.

441 3308 568 3368 essent.
607 3292 747 3379 Etrus,
769 3299 831 3392 qui
848 3320 944 3367 nunc
959 3320 1058 3367 arma
1075 3297 1209 3389 geritis,
1234 3322 1279 3367 ne
1294 3292 1429 3369 Christi
1580 3296 1789 3368 Formulam
1814 3297 1921 3368 etiam
1946 3321 2133 3389 propono,
2166 3309 2341 3392 quantum
2361 3320 2472 3389 pecu·

439 3422 573 3471 nomen
606 3399 813 3484 aboleatcn,
845 3401 979 3496 quique
1011 3424 1133 3469 veram
1160 3393 1372 3492 religionem
1393 3413 1429 3469 et
1480 3400 1579 3482 niae,
1618 3414 1793 3495 quantum
1836 3400 1996 3495 equitum
2037 3425 2078 3469 ac
2119 3401 2282 3492 peditum
2319 3399 2471 3491 singulis

439 3503 640 3576 libertatem
671 3516 825 3573 vestram
856 3504 1065 3584 defenditis,
1107 3516 1228 3594 postea
1258 3506 1430 3574 adversare
1480 3502 1705 3594 Principibus
1718 3503 1939 3573 Gemonias
1962 3502 2214 3594 imperandum
2233 3527 2314 3573 esse
2335 3514 2471 3595 putem.

440 3601 620 3678 Christum
639 3631 706 3698 pro
721 3607 858 3675 nefaria
879 3606 1061 3698 impietate
1077 3606 1245 3686 militare,
1270 3618 1427 3699 tyranno
1481 3603 1709 3676 Commeatus
1725 3619 1766 3674 ut
1781 3604 1950 3674 Danubio
1966 3602 2234 3690 censebantur,
2259 3629 2280 3674 a
2296 3627 2355 3674 nte
2370 3616 2470 3674 certo

440 3707 595 3809 servire,
620 3723 656 3778 et
674 3710 783 3779 fustes
801 3724 985 3799 expectare
1004 3708 1152 3779 alicuius
1167 3705 1342 3801 Scythae,
1368 3731 1428 3777 co·
1480 3707 1740 3799 providebitur.
1790 3707 1913 3801 Quare
1935 3708 1985 3793 si,
2020 3721 2060 3777 ut
2084 3733 2211 3800 spero,
2241 3703 2469 3777 bochellum

440 3812 625 3900 geremini.
684 3811 764 3902 Qua
788 3812 1014 3881 immanitate
1038 3812 1177 3880 domini
1199 3812 1237 3879 in
1261 3812 1428 3902 coniuges
1480 3810 1662 3902 expetitis,
1700 3810 1996 3880 deliberationem
2031 3813 2080 3880 ita
2115 3809 2327 3892 instituatis,
2354 3821 2397 3879 ut
2419 3810 2469 3878 sle

440 3924 575 3986 vestras
602 3938 643 3981 ac
663 3914 793 3983 liberos
818 3915 916 3983 usuri
942 3914 1081 3985 essent?
1132 3912 1340 3984 Verecunda
1357 3914 1428 3983 dici
1478 3914 1633 3983 formula
1652 3913 1823 3983 intervos
1841 3912 2045 3984 conveniat.
2095 3912 2191 3987 Nam
2209 3925 2357 4006 propter
2372 3907 2472 3980 hanc

439 4039 515 4086 non
540 4029 695 4109 possunt
719 4041 780 4098 ea,
819 4041 911 4110 qnae
934 4039 1010 4086 non
1030 4030 1169 4086 tantum
1193 4017 1231 4085 in
1254 4017 1428 4109 captivos,
1479 4017 1671 4108 praecipue
1692 4012 1752 4085 hic
1772 4029 1970 4087 conventus
1989 4015 2144 4087 indictus
2168 4029 2237 4088 est:
2271 4037 2348 4084 non
2371 4040 2469 4085 sum-

439 4120 501 4190 sed
525 4120 634 4190 aiam
660 4119 698 4187 in
718 4143 802 4190 suos
826 4121 1066 4189 committunt.
1480 4132 1556 4204 tus,
1596 4142 1671 4187 non
1711 4119 1873 4203 labores,
1912 4143 1987 4187 non
2020 4119 2178 4211 pericula
2212 4117 2470 4199 detrectabitis,

540 4220 631 4293 lllud
657 4234 797 4291 tantum
820 4224 997 4292 recitabo:
1035 4221 1149 4314 Capto
1166 4222 1342 4315 Byzantio
1357 4220 1427 4289 lm·
1478 4221 1509 4291 si
1542 4220 1704 4293 statuetis
1735 4219 1814 4290 Deo
1848 4247 1915 4293 vos
1944 4218 2015 4292 hoc
2046 4224 2204 4293 officium
2232 4223 2387 4303 debere,
2426 4231 2470 4289 ut

437 4323 855 4417 peratorisConstantini
881 4339 988 4418 caput
1010 4325 1138 4394 cervici
1153 4325 1344 4395 abscissum
1361 4337 1427 4408 est,
1478 4321 1548 4394 hoc
1578 4325 1710 4394 bellum
1746 4349 1888 4395 summo
1923 4324 2043 4396 studio
2082 4325 2293 4418 suscipiatis.
2360 4318 2470 4393 Chri·

439 4426 476 4497 id
489 4425 720 4499 ltlahometus
746 4429 854 4497 lixum
879 4427 1008 4519 gestari
1026 4453 1091 4519 per
1113 4430 1238 4498 urbem
1260 4428 1375 4499 iussit.
1388 4427 1426 4497 in
1478 4440 1552 4499 stus
1583 4427 1622 4496 in
1650 4439 1812 4497 extremo
1832 4425 1980 4499 iudicio
2008 4427 2185 4498 rationem
2218 4425 2373 4498 anobis
2402 4448 2470 4518 po-

332 4563 334 4568 s
439 4530 526 4623 pilo.
575 4531 663 4601 Eius
684 4554 769 4599 vero
787 4530 973 4622 coniugem
997 4553 1039 4599 ac
1059 4531 1152 4601 filios
1179 4555 1253 4600 non
1275 4532 1324 4600 ita
1344 4553 1427 4601 sart-
1477 4543 1569 4613 seut,
1595 4530 1643 4613 si,
1675 4553 1755 4599 nrm
1773 4528 1926 4623 'lmperii
1946 4553 2086 4602 summa
2110 4530 2265 4623 dignitas
2288 4528 2337 4601 sit
2356 4551 2470 4622 penes

437 4645 513 4717 cte,
537 4648 578 4705 nt
593 4634 796 4704 Alexander
811 4632 962 4703 Macedo
980 4631 1087 4703 Darii
1106 4633 1200 4725 regis
1222 4647 1373 4704 matrem
1391 4647 1426 4703 et
1476 4657 1565 4718 nos,
1601 4636 1805 4706 deseremus
1832 4647 1990 4706 caeteras
2016 4635 2199 4718 nationes,
2226 4634 2264 4704 si
2283 4655 2365 4700 «non
2392 4655 2469 4701 sus-

437 4737 645 4831 coniugem,
671 4736 828 4829 captivas
844 4732 1073 4818 habuit;·sed
1090 4739 1127 4807 in
1144 4737 1348 4807 convivium
1363 4739 1426 4806 ad·
1477 4736 1649 4830 cipiomus
1691 4738 1934 4809 defensionem
1975 4734 2197 4809 Christianae
2236 4733 2467 4827 reipublicae.

435 4841 560 4911 ductas
591 4841 740 4910 tradidit
764 4839 937 4931 flagitiose
958 4843 1173 4932 stuprandas
1196 4841 1270 4911 suis
1292 4841 1428 4911 satelli·
1477 4839 1599 4910 Genus
1620 4835 1777 4910 hostium
1798 4864 1874 4911 non
1892 4841 2092 4912 extenuavi.
2144 4838 2280 4910 Errant
2293 4836 2409 4918 enim,
2435 4836 2469 4906 si

436 4942 543 5012 tibus.
594 4941 729 5011 Eadem
752 4944 788 5012 in
814 4943 892 5014 aliis
908 4944 1115 5036 regionibus
1137 4944 1298 5012 accidere
1312 4943 1426 5035 capti·
1477 4943 1539 5039 qui
1554 4954 1685 5035 putant
1698 4943 1837 5015 'l'urcas
1851 4944 1999 5035 ignavos
2014 4956 2076 5013 aut
2088 4943 2251 5012 imbelles
2266 4964 2352 5011 esse.
2391 4937 2470 5009 'l'ot

436 5044 490 5116 vis
503 5045 694 5115 credibile·
714 5046 908 5140 Nunquam
925 5048 1043 5115 dicam
1059 5048 1188 5115 fortem
1198 5067 1278 5115 esse
1294 5045 1425 5132 virum,
1476 5045 1647 5115 victoriae
1664 5046 1843 5130 indicant,
1870 5039 2001 5117 eishec
2016 5046 2201 5116 scientiam
2215 5045 2272 5113 rei
2288 5041 2468 5124 militaris,

435 5171 542 5243 quem
561 5148 643 5217 talia
661 5150 821 5242 exempla
836 5174 911 5218 non
929 5162 1094 5231 movent,
1116 5148 1177 5242 qui
1193 5173 1269 5217 non
1283 5173 1424 5220 mmma
1475 5147 1805 5220 aeefortitudinem
1821 5152 1954 5219 deesse.
1998 5143 2178 5219 Polliceor
2193 5161 2314 5218 tamen
2330 5145 2467 5213 laetum

369 5295 372 5300 -
435 5250 548 5320 aniani
572 5252 767 5345 cupiditate
791 5253 987 5332 desiderat,
1013 5250 1192 5322 utstatim
1215 5273 1357 5343 pugnae
1378 5254 1425 5323 si·
1474 5251 1560 5332 belli
1582 5252 1734 5336 eaitnm,
1758 5251 1844 5346 qnia
1857 5251 1958 5323 Dens
1978 5254 2076 5321 favet
2094 5253 2195 5323 iustis
2218 5264 2253 5321 et
2267 5249 2338 5342 piis
2347 5246 2467 5318 coesi-

434 5377 543 5445 gnam
567 5368 804 5448 proponatur.
901 5421 905 5431 ,
1474 5353 1551 5439 liis,
1583 5379 1627 5426 ac
1654 5367 1790 5425 certum
1818 5368 1871 5426 est
1895 5380 1997 5426 suam
2025 5353 2322 5426 conservaturum
2345 5350 2465 5421 Eccle-

532 5456 660 5555 lltaque
689 5483 769 5529 cum
798 5481 939 5528 necesse
968 5457 1015 5527 sit
1042 5457 1147 5527 nobis
1174 5457 1267 5528 tueri
1297 5481 1421 5527 veram
1474 5457 1576 5529 siam
1634 5459 1762 5529 Servat
1784 5471 1902 5528 autem
1927 5483 2003 5528 non
2028 5460 2181 5542 otiosos,
2212 5458 2275 5529 sed
2295 5455 2469 5525 facientes·

433 5560 665 5654 religionem,
691 5562 891 5630 libertatem
913 5572 1095 5643 nostram,
1123 5560 1310 5654 coniuges,
1334 5560 1423 5630 libe-
1474 5559 1650 5644 officim,
1682 5573 1718 5629 et
1735 5562 1835 5631 serio
1858 5585 1964 5653 opem
1981 5561 2064 5634 eius
2082 5574 2194 5656 atqua
2209 5559 2380 5630 annilius
2392 5553 2465 5624 irn-

433 5688 512 5750 ros,
544 5665 659 5755 leges,
695 5687 735 5731 ac
762 5661 987 5753 disciplinam
1012 5663 1214 5755 publicam,
1247 5657 1424 5734 adhortor
1472 5662 1667 5755 plorantes.
1688 5660 2262 5747 --ttec.mttitudiaembosstun1,
2287 5658 2467 5733 necvires

431 5791 496 5837 vos
513 5769 558 5837 ad
576 5764 682 5837 huius
698 5765 881 5835 iustissimi
895 5790 936 5835 ac
957 5768 1146 5840 amsii
1167 5766 1254 5842 belli
1271 5765 1424 5838 waieta·
1472 5764 1785 5859 pertimescemuss
1813 5771 1879 5839 sed
1903 5772 2074 5840 tat-docet
2094 5791 2164 5840 nos
2183 5765 2367 5839 Psalmus:
2406 5758 2468 5833 llli
