5534 6700
355 538 431 611 719

401 708 517 791 Cave,
551 730 596 775 ne
620 707 708 774 alias
729 705 863 795 species
887 706 1119 786 adnumeres;
1146 705 1339 778 relationes

453 810 548 879 enim
567 821 650 880 sunt
666 807 807 890 Motus,
834 808 1012 899 Tempus,
1036 807 1172 892 Locus,
1198 809 1338 880 Oratio.

623 975 907 1071 Qualitatum
944 981 1068 1048 ordo.

452 1096 626 1190 Reliquae
649 1097 774 1167 rerum
792 1098 949 1180 formae,
983 1122 1074 1191 qnae
1096 1122 1115 1164 a
1141 1098 1340 1191 quantitate

351 1224 426 1269 non
453 1195 827 1290 comprehenduntur,
862 1201 1052 1293 qualitates
1068 1214 1162 1270 sunt.
1208 1199 1339 1290 Magna

353 1302 497 1398 quidem
521 1326 604 1392 pars
627 1301 840 1394 qualitatum
865 1304 1100 1373 instrumenta
1125 1315 1229 1385 sunt,
1263 1303 1341 1396 qui·

351 1407 419 1474 bus
448 1417 599 1474 utuntur
628 1405 667 1472 in
697 1406 836 1496 agendo
861 1406 1087 1497 operandove
1111 1407 1341 1487 substantiae,

351 1531 469 1602 neque
493 1507 605 1577 ullum
631 1530 751 1576 rerum
776 1508 938 1577 ordinem
962 1522 1034 1576 tam
1053 1509 1161 1577 refert
1180 1507 1341 1598 expedite
1414 1575 1423 1590 ‚

352 1622 487 1694 tenere,
513 1633 621 1703 quam
636 1604 750 1694 hunc,
777 1635 918 1702 nempe,
946 1608 1008 1705 qui
1022 1610 1191 1681 latissime
1209 1621 1341 1701 pateat.

352 1709 459 1783 Nulla
476 1725 528 1782 est
542 1711 636 1780 enim
654 1713 864 1796 substantia,
890 1737 997 1807 quam
1013 1738 1089 1782 non
1108 1713 1241 1781 multae
1255 1737 1342 1807 qua·

353 1814 470 1886 litates
501 1826 685 1884 exornent.
743 1813 816 1883 lam
846 1839 889 1885 ex
913 1812 980 1884 hoc
1006 1819 1084 1885 loco
1109 1828 1144 1885 et
1166 1811 1343 1885 Rhetores

353 1918 526 1986 formulas
555 1917 700 1985 laudum
735 1942 775 1985 ac
808 1917 1132 2008 vituperationum,
1177 1918 1343 1989 consilio·

356 2043 509 2112 rumque
536 2020 722 2087 materiam
748 2032 894 2110 petunt;
934 2017 1017 2089 hinc
1039 2023 1134 2089 enim
1163 2022 1343 2090 finitiones

354 2120 528 2191 virtutum
553 2146 594 2189 ac
617 2121 786 2191 vitiorum
812 2123 1027 2213 colliguntur
1045 2124 1157 2193 multo
1174 2125 1343 2194 certiores

874 533 995 607 PlllL.
1022 533 1135 607 MEL.
1162 532 1366 618 SCRIPTA
1391 534 1525 608 vanu
1549 541 1857 618 ARGUMENTI.

1723 716 1901 786 Primus
1934 718 2054 787 ordo.

2084 849 2167 918 Pati

2083 952 2226 1020 Moveri

2084 1054 2193 1144 Gigni

2084 1156 2198 1226 Filius
2310 1176 2316 1184 '

1550 1255 1749 1325 Calefacere
2083 1258 2248 1328 Calefieri

1546 1358 1696 1427 Afficere
2083 1360 2197 1433 affici.

1496 1472 1560 1546 llis
1587 1480 1806 1560 adnumera,
1840 1498 2073 1572 quaecunque
2100 1481 2278 1550 actionem
2305 1508 2391 1575 pas-

1395 1599 1579 1647 sionemve
1610 1583 1770 1671 signant,
1816 1580 1946 1672 quibus
1976 1604 2057 1649 cum
2091 1585 2387 1672 substantiarum,

1395 1690 1471 1748 turn
1495 1682 1708 1774 qualitatum
1734 1684 1958 1774 comparatio
1980 1696 2130 1755 constat.

1548 846 1664 936 Agere

1547 949 1695 1019 Movere

1549 1051 1704 1141 Gignere

1549 1154 1657 1222 Pater

1697 1852 1926 1923 Secundus
1954 1855 2079 1923 ordo.

1549 1984 1755 2059 Similitudo
2084 1986 2364 2064 Dissimilitudo.

1497 2109 1615 2203 Atque
1647 2110 1685 2177 in
1715 2105 1770 2179 his
1800 2092 1945 2201 proprie
1970 2122 2022 2179 est
2050 2111 2263 2205 qualitatum
2286 2137 2389 2181 com·

1396 2212 1550 2305 paratio.

1717 2329 1907 2399 Tertius
1940 2332 2065 2402 ordo.

356 2225 583 2317 aptioresque
601 2223 659 2307 iis,
687 2250 774 2317 quas
790 2225 1038 2314 praescribunt
1052 2222 1242 2296 Rhetores.

459 2342 690 2410 Differentiae
732 2344 966 2436 qualitatum,
1007 2346 1153 2437 quando
1186 2343 1344 2436 propriis

355 2443 535 2534 designari
552 2447 758 2514 nominibus
772 2470 846 2513 non
862 2459 1042 2537 possunt,¹
1056 2448 1343 2517 commodissime

355 2569 421 2636 per
436 2549 592 2617 subiecta
611 2561 673 2616 aut
686 2547 800 2615 officia
817 2548 1063 2640 signabuntur.

1548 2463 1755 2557 Aequalitos

1498 2581 1562 2653 His
1579 2590 1835 2675 comparantur
1849 2585 2075 2678 quantitates.

1500 2702 1765 2794 Comparantur
1791 2705 1873 2772 item
1899 2704 2085 2775 continens
2107 2720 2142 2774 et
2164 2719 2390 2790 contentum,

2082 2463 2339 2560 Inaequalitas.

714 2717 989 2809 Qualitates.

406 2856 530 2957 Animi
940 2888 1192 2960 Voluntatis·
1258 2892 1261 2897 ’

408 2988 609 3061 Intellectus

407 3093 626 3175 Prudentia,
651 3093 804 3164 Scientia

1397 2829 1504 2899 quam
1529 2806 1833 2897 comparationem
1863 2806 1981 2876 locum
2003 2809 2164 2878 dicimus.
2230 2808 2391 2899 Compa-

1396 2920 1524 2976 rantur
1556 2920 1591 2978 et
1614 2908 1719 3000 prius
1737 2932 1776 2978 ac
1797 2910 1990 3002 posterius,
2029 2912 2127 3005 quod
2156 2922 2298 3001 tempus
2325 2935 2393 2977 vo-

1336 3074 1341 3095 ,
1397 3022 1499 3093 cant,
1524 3034 1650 3095 mane,
1675 3036 1813 3104 vesper,
1839 3011 1929 3095 dics,
1956 3012 2095 3095 mensis,
2122 3035 2248 3081 annus.
2302 3010 2391 3080 Huc

1397 3124 1432 3180 et
1455 3112 1724 3203 magistratuum
1751 3115 1898 3183 nomina
1920 3113 2116 3207 pertinent,
2141 3125 2181 3182 ut
2203 3111 2393 3194 Dictator,

833 3191 1263 3317 ΝἬἮ
1397 3210 1551 3301 Consul,
1576 3215 1748 3301 Senatus,
1775 3214 1923 3287 Civitas.

1144 3350 1282 3419 vitium
1496 3315 1538 3387 ln
1559 3315 1627 3390 hos
1650 3330 1807 3414 quatuor
1821 3316 1983 3410 ordines,
2011 3315 2132 3387 omnia
2151 3316 2314 3385 omnium
2333 3334 2394 3388 re·

1035 3429 1041 3440 ’
1144 3452 1332 3524 himma·
1395 3417 1476 3489 runi
1504 3419 1917 3518 vocabulacolliges¹³)',
1950 3419 2167 3516 exquibus,
2193 3413 2392 3513 siquidli·

1395 3521 1566 3594 uieddum
1584 3519 1768 3611 inciderit,
1795 3537 1904 3617 petes.
1937 3521 2096 3594 Proinde
2112 3522 2290 3592 rationem
2308 3545 2390 3590 mo·

1396 3627 1531 3722 dosque
1545 3627 1749 3698 finitionum
1765 3627 1798 3710 la
1804 3627 1873 3700 lius
1888 3621 2156 3722 persequemur.

966 2988 1123 3175 Affe'ctus

820 3244 944 3319 Bonus

819 3348 942 3420 Virtus

819 3448 956 3523 Iustitia

458 3561 524 3638 llis
564 3571 759 3638 adnumera
802 3584 836 3638 et
872 3570 959 3641 alias
994 3572 1160 3654 virtutes,
1202 3571 1342 3664 aliaque

357 3670 456 3740 vitia.

1597 3800 1875 3873 Discrimina
1900 3802 2184 3872 finitionum.

575 3823 838 3915 Qualitates
873 3849 1125 3918 corporum.

409 3942 511 4036 Quae
527 3940 605 4011 visu
621 3941 879 4034 percipiuntur.
920 3941 1079 4028 Colores,
1105 3946 1256 4031 Albedo,
1276 3946 1343 4019 Ni-

893 4047 1023 4136 gredo,
1049 4045 1237 4119 Rubedo.¹

838 4145 937 4218 Soni.

838 4249 991 4321 Odores.

836 4352 1002 4446 Sapores.

356 4471 368 4506 '-
406 4451 509 4547 Quae
532 4465 644 4539 tactu,
692 4453 904 4549 Calor¹⁴¹),'
923 4453 1063 4547 Frigus,
1089 4456 1242 4544 Siccum',
1266 4457 1343 4530 Hu—
1395 4445 1561 4526 standum
1581 4463 1652 4536 est,
1677 4453 1851 4548 ut'linitio
1869 4454 1943 4522 vim
1964 4454 2057 4536 eius,
2084 4453 2180 4548 quod
2201 4451 2390 4534 definitur,

1497 3935 1552 4008 De
1568 3937 1730 4007 finitione
1747 3937 1904 4029 nominis
1919 3940 2032 4031 supra'
2051 3952 2168 4010 actum
2193 3950 2266 4021 est,
2293 3960 2391 4031 quae

1396 4049 1476 4114 cnm
1501 4039 1622 4134 potius
1645 4040 1859 4134 etymologia
1878 4037 2125 4137 quaepiam¹')
2149 4040 2390 4133 grammatica

1395 4146 1442 4216 tit
1462 4156 1594 4214 certam
1617 4144 1714 4214 vocis
1738 4133 2032 4235 si'gnifi'c'ationem
2061 4141 2302 4227 constituens,
2328 4137 2392 4210 hi'c

1395 4247 1508 4344 repeti
1526 4271 1600 4315 non
1617 4248 1733 4317 dehet.
1786 4246 1877 4316 Sunt
1894 4255 2010 4324 a‘utem
2030 4260 2172 4340 praeter
2187 4239 2299 4327 hanc,
2329 4269 2390 4336 ge-

1395 4353 1487 4420 nera'
1498 4349 1700 4420 finitionum
1720 4363 1887 4446 quatuor,
1904 4343 2086 4445 inquibus
2103 4349 2271 4419 omnibus
2282 4372 2392 4440 prae-

407 4145 512 4238 Qnae
535 4146 691 4227 auditu„

375 4251 391 4264 ''
408 4245 511 4340 Quae
531 4247 676 4332 olfactu,

406 4347 509 4443 Quae
533 4363 650 4442 gustu,

457 4555 615 4640 midum,
641 4569 676 4626 et
694 4582 786 4651 quae
803 4581 849 4628 er
858 4555 914 4629 his
929 4569 1138 4633 naseuntur.
1394 4555 1541 4650 proprie
1557 4580 1597 4624 ac
1612 4553 1772 4656 adposite
1790 4555 1959 4650 explicet,
1982 4556 2051 4652 ital,
2077 4569 2177 4626 utne
2194 4556 2282 4650 quid
2303 4554 2390 4624 alie-

882 4730 890 4745 ,
1394 4673 1482 4730 num
1500 4661 1544 4727 ab
1562 4681 1618 4741 eo,
1639 4657 1888 4750 q'u'od‘finitur,
1910 4655 2061 4729 describi
2076 4671 2138 4728 ant
2151 4659 2250 4728 liniri
2265 4658 2389 4727 videa·

734 4726 966 4801 R‘llstffffl
1271 4777 1274 4784 '
1394 4774 1472 4846 tur;
1489 4761 1638 4832 amussis
1653 4759 1746 4829 enim
1760 4761 1990 4855 proprietatis
2005 4776 2058 4833 est
2071 4755 2198 4832 linitio.
2225 4762 2388 4831 Proinde

454 4846 585 4916 Graeci
606 4846 753 4915 nomina
778 4851 954 4945 quaedam
979 4864 1109 4922 V⁰c⁸¹tl
1131 4855 1175 4922 ad
1193 4854 1342 4948 aliquid,
1393 4853 1527 4962 siquid
1546 4888 1585 4933 ea
1602 4863 1787 4933 admiserit
1804 4864 2062 4958 improprium,
2094 4871 2169 4934 tota
2191 4864 2288 4933 ratio
2312 4863 2388 4933 dia-

353 4971 445 5040 quae
460 4950 574 5019 nostri
590 4950 701 5019 senne
717 4950 866 5022 relativa
884 4955 1076 5045 appellant
1114 4954 1206 5025 Sunt
1222 4971 1341 5027 autem
1393 4965 1509 5038 lectici
1527 4963 1667 5035 artificii
1684 4977 1783 5050 ruet,
1808 4980 1867 5052 ut,
1892 4965 2012 5061 inepta
2029 4967 2189 5038 definitio
2206 4980 2275 5039 est:
2313 4965 2388 5037 llo

352 5050 545 5132 voeabula,
571 5077 752 5143 quaenon
772 5067 843 5122 tan
867 5079 942 5137 res,
969 5081 1076 5150 quan
1099 5071 1263 5129 mutuum
1287 5062 1341 5128 in·
1394 5094 1461 5139 mo·
1477 5082 1530 5140 est
1552 5069 1686 5138 animat
1709 5061 1820 5161 bipes.
1872 5065 1965 5141 Nam
1990 5083 2026 5141 et
2049 5069 2162 5163 gallus
2179 5069 2322 5139 animal
2336 5061 2388 5140 bl-

351 5163 408 5220 ter
433 5174 471 5219 se
499 5153 661 5222 ordinem
689 5180 809 5225 rerum
837 5156 1049 5248 significant.
1098 5161 1216 5257 Atque
1238 5166 1341 5246 adeo,
1393 5184 1536 5265 pesest.
2302 5249 2304 5253 Α

351 5252 482 5346 quibus
514 5252 609 5323 inter
641 5281 678 5326 se
703 5281 760 5329 res
786 5259 940 5330 aliorum
969 5262 1340 5353 praedicamentorum
1495 5271 1659 5345 Primum
1684 5271 1831 5343 finiendi
1853 5300 1983 5367 genus,
2009 5265 2169 5345 delinitio
2185 5275 2388 5347 essentialis

350 5369 609 5446 comparantur
626 5359 735 5429 variis
751 5364 889 5447 modis,
916 5366 1063 5455 agendi,
1091 5366 1271 5457 patiendi,
1296 5369 1342 5440 si·
1394 5375 1585 5474 (utendum
1602 5365 1697 5446 enim
1716 5388 1768 5447 est
1785 5377 1926 5471 vulgari
1944 5363 2147 5474 vocabulo),
2172 5404 2267 5474 quae
2287 5381 2386 5451 abso

348 5458 580 5632 milituldinis,
606 5460 916 5550 dissimilitudinis,
943 5467 1180 5563 aequalitatis,
1208 5463 1271 5543 aut
1287 5471 1342 5542 in·
1393 5481 1506 5551 lutam
1529 5481 1582 5550 rei
1597 5491 1762 5550 naturam
1779 5481 1951 5573 explicat,
1976 5483 2015 5551 lit
2029 5493 2072 5552 ei
2085 5505 2218 5574 genere
2234 5493 2273 5552 et
2289 5484 2384 5554 diffe-

349 5582 462 5654 aequa
481 5588 490 5629 ι
509 5587 527 5630 a
546 5588 586 5636 as.

385 5763 458 5825 w)
476 5750 591 5832 cotom]
618 5764 661 5817 sle
676 5766 756 5817 recte
770 5764 880 5831 lette
904 5765 989 5819 ΗΜ.
1006 5768 1030 5820 t.
1043 5767 1070 5822 ι
1088 5768 1184 5839 ustor,

1430 5665 1477 5749 l't')
1496 5686 1597 5734 Aunot.
1616 5694 1722 5747 aare:
1748 5685 1820 5734 Usus
1837 5681 2128 5747 preedloanantornn.

1431 5768 1477 5836 16)
1496 5768 1653 5834 quaepiam]
1670 5770 1715 5820 sio
1728 5770 1780 5824 Β.
1791 5771 1839 5833 ²·t·
1861 5770 1948 5824 rust.
1968 5770 2030 5825 M.
2048 5772 2181 5834 eosdm
2200 5801 2203 5806 ·
