5534 6700
364 609 440 685 696
891 603 1012 674 PHIL.
1036 605 1150 676 MEL.
1178 603 1380 675 SCRIPTA
1405 600 1538 670 VARll
1563 602 1868 677 ARGUMENTI.
2322 601 2407 675 696

494 777 666 855 Priusquam
687 774 725 832 ud
748 775 855 832 librum
876 775 972 850 ipsum
1002 776 1224 851 progredimur,
1258 775 1447 851 Epigramma
1475 781 1505 828 et
1527 772 1723 832 Melanthonis
1752 776 1791 833 de
1817 773 1942 852 epistola
1963 771 2110 849 Rodolphi
2133 774 2293 850 Agricolae
2323 775 2408 833 iudi-

367 871 462 943 cium,
490 880 565 942 quae
586 863 615 918 iu
640 859 723 938 primi
744 858 807 916 lolii
828 860 945 917 illorum
968 861 1057 916 trium
1080 860 1221 917 librorum
1241 860 1348 937 pagina
1368 873 1473 914 aversa
1494 855 1650 932 leguntur,
1684 860 1868 919 exhibemus.

1249 992 1299 1050 Ad
1323 993 1515 1054 libellum.

870 1113 1043 1170 Nominibus
1065 1114 1180 1186 multis,
1208 1130 1264 1171 nec
1286 1104 1501 1188 tiverivvpoc*)
1525 1129 1622 1189 neque
1644 1113 1745 1173 libelle
1767 1133 1809 1174 es.

963 1195 1037 1254 lude
1060 1217 1145 1254 suum
1168 1199 1258 1255 tacuit
1280 1199 1331 1274 qui
1352 1196 1436 1255 dedit
1457 1196 1511 1254 illa
1531 1198 1591 1254 tibi.

876 1282 1040 1358 Agricolam
1064 1299 1201 1359 magnum
1223 1283 1319 1359 primo
1342 1299 1409 1339 uam
1431 1278 1596 1358 lumine**)
1618 1283 1722 1341 cernis.

963 1367 1120 1444 Postquam
1144 1385 1226 1424 suam
1248 1367 1371 1425 classem
1395 1365 1491 1423 clarus
1513 1365 1652 1423 Erasmus
1675 1366 1773 1424 habet.

874 1449 985 1507 Doctus
1006 1463 1038 1509 at
1060 1451 1129 1509 iude
1151 1451 1306 1528 Philippus
1326 1450 1417 1508 habet
1439 1460 1586 1526 postrema
1608 1449 1829 1509 Melanchthon.

958 1534 988 1609 l,
1017 1553 1096 1592 nune
1117 1537 1273 1594 Fladriune
1295 1534 1360 1593 rnlt
1380 1551 1499 1611 quoque
1520 1534 1628 1593 adesse
1650 1552 1755 1593 eomes.

1123 1684 1330 1780 Philippus
1359 1686 1646 1745 Melanchthon.

451 1796 496 1855 nd
510 1796 662 1857 formanda
673 1798 785 1876 studia,
807 1801 1041 1880 corrigendaque
1058 1802 1181 1877 indicia,
1204 1803 1253 1860 rix
1268 1799 1347 1859 alind
1364 1801 1420 1861 hac
1434 1803 1558 1880 epistola
1571 1803 1654 1880 leges
1677 1801 1930 1861 accommodatius.
1973 1800 2101 1860 Proinde
2121 1801 2253 1876 iuvenis,
2283 1820 2404 1880 operam

369 1881 468 1956 dabis,
496 1893 528 1940 ut
549 1900 636 1958 quam
657 1882 883 1944 familiarissima
905 1887 957 1945 tibi
979 1887 1042 1945 fiat.
2350 1884 2355 1893 ¹
2377 1912 2381 1919 '

666 2062 792 2073 οφ...-

359 2166 363 2174 “
405 2164 438 2228 ⁸)
458 2161 615 2238 ἀνώνυμος]
633 2171 683 2221 nd.
698 2171 774 2223 1111.
793 2168 952 2241 estsuper,
971 2174 1021 2226 111.
1038 2172 1115 2224 11111.
1133 2165 1281 2240 tinnirent,
1305 2171 1356 2226 td
1372 2165 1450 2221 11183.
1468 2162 1608 2238 ἅνὸνυμος

361 2266 364 2271 ’
404 2266 456 2336 ²⁸⁴¹)
476 2271 591 2333 lumine]
609 2272 652 2323 eie
667 2272 752 2324 ente
769 2273 845 2328 15⁸1.
855 2308 864 2341 ,
886 2273 980 2337 16334
1007 2275 1057 2325 ttd.
1071 2272 1151 2326 ¹5³2.
1170 2273 1266 2324 liniue

1220 2485 1518 2496 -u-—o-—a—

520 2709 790 2786 PHILIPPI
814 2712 1268 2789 MELANTHONIS
1293 2714 1369 2789 DE
1393 2711 1575 2791 Locls
1602 2710 2005 2789 COMMUNIBUS
2034 2714 2242 2791 RATIO.

469 2912 683 3007 Philosophi
704 2920 927 3008 digesserunt
952 2946 1008 2991 res
1032 2917 1208 2991 humanas
1231 2945 1355 2991 omnes
1408 2935 1443 2990 et
1473 2916 1528 2991 his
1561 2919 1760 3001 contraria,
1797 2932 2060 3011 paupertatem,
2096 2920 2336 3010 ignominiam
2357 2919 2406 3014 ⁴),

364 3016 489 3085 eeuin
504 3020 639 3087 formas
660 3024 832 3113 quasdam
851 3023 1014 3106 vivendi,
1041 3024 1165 3092 utalia
1188 3035 1272 3092 sunt
1292 3047 1356 3090 na·
1408 3023 1572 3105 exilium,
1614 3023 1870 3105 temeritatem,
1905 3020 2133 3102 iniustitiam,
2165 3023 2308 3101 sordes,
2342 3023 2406 3088 in-

363 3128 490 3200 me,
529 3131 569 3186 ut
592 3119 685 3203 vita,
719 3147 836 3206 mors,
867 3126 1003 3205 forma;
1044 3123 1155 3221 alia¹)
1176 3126 1355 3210 fortunae,
1407 3125 1679 3218 temperantiam
1695 3148 1757 3195 seu
1773 3125 1908 3193 luxum.
1957 3121 2011 3192 De
2032 3123 2277 3193 nsulocorum
2296 3147 2406 3190 coru·

366 3217 447 3311 ιη’)
467 3243 570 3311 opes,
597 3223 769 3292 natalium
793 3226 981 3317 splendor,
1014 3224 1222 3321 honores⁸).
1274 3229 1355 3297 Alia
1408 3230 1570 3299 munium
1597 3226 1731 3319 optime
1755 3228 1973 3321 scripserunt
1994 3221 2205 3316 liudolphus
2226 3224 2402 3313 Agricola

367 3321 504 3390 suntin
519 3335 641 3394 nostra
658 3339 851 3418 potestate,
877 3341 918 3399 ut
935 3330 1020 3400 vitia
1041 3356 1083 3400 ec
1098 3330 1258 3403 virtutes.
1297 3331 1355 3403 Sic
1406 3332 1445 3402 in
1468 3331 1617 3425 epistola
1639 3333 1682 3400 de
1700 3330 1841 3402 ratione
1864 3327 1995 3413 studii,
2029 3341 2065 3397 et
2077 3326 2247 3399 Erasmus
2269 3327 2309 3395 iu
2333 3327 2405 3396 Co·

361 3435 401 3514 ⁸el
416 3421 455 3493 in
469 3425 618 3517 singulis
639 3432 840 3502 studiorum
862 3434 1050 3525 generibus
1073 3447 1157 3504 sunt
1177 3436 1354 3527 quaedam
1405 3436 1464 3528 pia
1475 3435 1526 3529 ι5),
1552 3434 1591 3502 in
1615 3429 1707 3502 hanc
1730 3435 1802 3502 iere
1825 3432 2051 3504 sententiam.
2111 3430 2184 3523 Qui
2205 3430 2403 3501 destinavit

362 3530 502 3622 capita,
535 3531 576 3597 in
600 3557 691 3624 quae
712 3535 838 3604 referri
863 3537 999 3621 solent,
1038 3561 1130 3631 quae
1155 3549 1355 3607 tractantur
1406 3563 1470 3631 per
1487 3560 1595 3608 omne
1609 3559 1720 3627 genus
1742 3550 1909 3605 autorum
1925 3534 2078 3602 lectione
2095 3535 2266 3624 grassari,
2298 3532 2402 3623 prins

365 3629 457 3715 illic,
481 3646 524 3702 ut
547 3631 820 3727 in'l'heologia,
847 3640 953 3722 fides,
979 3639 1205 3722 ceremonia,
1232 3663 1354 3729 pecca·
1406 3641 1473 3710 sibi
1489 3665 1597 3735 quam
1616 3639 1791 3730 plurimos
1804 3649 1908 3731 paret
1922 3637 2031 3707 locos.
2092 3633 2166 3705 Eos
2182 3647 2299 3706 sumat
2314 3658 2401 3725 par-

366 3747 461 3813 tum;
495 3736 535 3801 in
556 3739 634 3804 iure
658 3740 836 3830 aequitas,
866 3742 1038 3824 servitus,
1071 3767 1208 3834 poena,
1245 3742 1354 3809 male·
1407 3736 1471 3810 tim
1496 3769 1514 3811 a
1540 3741 1730 3834 generibus
1761 3766 1800 3808 ae
1825 3740 1986 3833 partibus
2010 3738 2181 3807 vitiorum
2205 3738 2401 3806 virtutum·

363 3835 506 3918 ficium,
541 3838 666 3923 iudex,
700 3842 912 3926 advocatus,
947 3840 1060 3915 ethis
1084 3845 1227 3916 similia.
1281 3844 1354 3936 Qui
1407 3869 1495 3938 que,
1520 3844 1652 3939 partim
1677 3844 1723 3912 ab
1746 3842 1844 3926 aliis,
1877 3867 1988 3938 quac,
2021 3852 2061 3911 ut
2084 3853 2167 3910 aute
2189 3841 2278 3921 diri,
2311 3850 2402 3907 sunt

365 3937 463 4008 volet
477 3938 587 4030 igitur
602 3945 646 4011 de
669 3943 773 4014 rebus
794 3941 961 4016 humanis
984 3960 1077 4017 recte
1102 3949 1281 4040 iudicare,
1312 3946 1355 4015 il·
1405 3948 1445 4016 in
1460 3948 1566 4018 rebus
1582 3947 1791 4017 mortalium
1813 3944 2027 4038 praecipua,
2052 3955 2093 4013 nt
2110 3956 2256 4024 natura,
2282 3942 2403 4008 [ortu-

364 4044 441 4120 lum
457 4059 619 4138 oportet,
644 4046 814 4142 quicquid
830 4048 997 4120 inciderit
1009 4052 1102 4120 forte
1118 4053 1281 4133 fortuna,
1307 4052 1354 4118 ad
1405 4075 1475 4134 na,
1500 4052 1637 4134 iatum,
1664 4049 1873 4141 digeratque
1891 4048 1987 4117 iuxta
2012 4046 2192 4115 rationem
2214 4041 2403 4112 affinitatis

364 4146 430 4221 hes
447 4153 798 4222 eeuiormasrerum
814 4154 965 4244 exigere.
997 4153 1154 4237 Pariter,
1179 4154 1237 4223 cui
1253 4153 1355 4221 cordi
1405 4153 1724 4245 etrepugnntiae.
1776 4151 1870 4222 Nam
1892 4162 1928 4218 et
1950 4171 2043 4241 quae
2065 4148 2162 4216 inter
2183 4171 2221 4217 se
2244 4156 2402 4237 cognata

364 4265 526 4323 estreete
549 4257 593 4324 de
614 4256 740 4326 studiis
762 4257 939 4341 iudicare,
974 4257 1074 4326 illum
1100 4268 1243 4348 oportet
1265 4256 1353 4325 tales
1406 4268 1507 4338 sunt,
1538 4257 1635 4324 ultro
1667 4258 1881 4335 admonent,
1916 4251 2004 4344 quid
2037 4261 2291 4344 consequatur.
2355 4245 2403 4314 Et

365 4357 463 4427 locos
491 4359 532 4424 in
563 4372 752 4428 numerato
785 4356 930 4430 habere.
1005 4360 1098 4431 Nam
1129 4372 1272 4452 praeter
1302 4358 1352 4444 id,
1406 4358 1671 4429 contrariorum
1702 4369 1754 4426 est
1784 4360 1907 4425 eadem
1941 4354 2129 4424 memoria.
2195 4352 2313 4434 Puta,
2356 4348 2401 4419 sit

366 4461 464 4558 quod
479 4473 563 4534 sunt
577 4461 715 4534 formae
730 4487 850 4534 rerum
873 4476 908 4534 et
932 4463 1094 4554 regulae,
1128 4463 1219 4532 mire
1244 4459 1352 4531 etiam
1406 4461 1559 4554 exempli
1590 4484 1694 4534 eausa
1726 4458 1864 4551 primus
1887 4457 2006 4541 locus,
2051 4455 2171 4525 Pietas
2204 4468 2239 4524 et
2272 4452 2400 4544 impie·

364 4571 578 4646 memoriam
596 4571 779 4642 adiuvant.
831 4569 931 4639 Voco
955 4568 1065 4659 igitur
1078 4570 1176 4639 locos
1193 4592 1353 4637 commu·
1405 4566 1510 4660 tas⁶).
1562 4562 1911 4635 Huic-subiicientur
1935 4559 2068 4651 speeies
2092 4558 2187 4626 iuter
2207 4581 2244 4629 se
2269 4579 2399 4646 cogna-

363 4699 568 4747 nesomnes
586 4675 748 4744 omninm
764 4697 884 4742 rerum
903 4674 1140 4763 agendarum,
1166 4672 1353 4750 virtutum,
1405 4681 1474 4739 tae.
1528 4667 1650 4736 Prima
1669 4677 1722 4735 est
1736 4666 1850 4757 pietas
1874 4663 1913 4730 in
1928 4662 2065 4745 Deum,
2094 4662 2249 4731 secunda
2278 4661 2316 4726 in
2338 4681 2399 4748 pa-

364 4779 563 4862 uitiorum,
615 4779 841 4872 aliorumque
876 4776 1119 4846 communium
1152 4770 1352 4843 thematum
1404 4772 1536 4854 triam,
1561 4769 1665 4838 tertia
1681 4768 1720 4836 in
1736 4780 1903 4859 parentes
1918 4778 1979 4836 aut
1992 4765 2031 4832 in
2044 4764 2189 4846 liberos,
2213 4777 2278 4831 aut
2293 4761 2398 4831 etiam

366 4882 741 4972 communes-formas,
768 4880 948 4975 quaesere
966 4878 1005 4948 in
1020 4903 1137 4961 usum,
1163 4876 1352 4969 variasque
1405 4873 1444 4943 in
1468 4898 1548 4957 eos,
1575 4897 1664 4967 quos
1687 4883 1829 4963 oportet
1852 4880 2041 4959 parentum
2062 4868 2143 4936 loco
2165 4865 2303 4947 colere,
2332 4863 2399 4930 vel·

365 4983 487 5060 rerum
508 4982 751 5056 humanarum
774 5009 814 5053 ac
838 4983 1024 5053 literarum
1049 5004 1171 5050 causas
1196 4979 1352 5049 incidere
1406 4976 1460 5047 uti
1497 4988 1764 5070 praeceptores,
1812 4986 1848 5042 et
1877 4994 2032 5065 quorum
2060 4968 2235 5038 beneficio
2271 4963 2399 5037 servati

364 5077 532 5179 possunt-3
559 5101 778 5181 possuntque
791 5081 1051 5178 comprehendi
1064 5083 1151 5152 locis
1168 5104 1355 5174 argumeu·
1410 5106 1545 5151 sumus.
1594 5078 1742 5150 Accedit
1754 5077 1802 5145 ad
1822 5071 1911 5144 haec
1934 5072 2199 5164 superstitio⁷),
2233 5068 2399 5138 adiicien-

365 5190 655 5280 torr'rmgeueris
676 5189 918 5271 deliberativi,
954 5199 996 5258 ut
1018 5188 1222 5269 fortunam,
1258 5207 1355 5275 opes,
1412 5185 1457 5251 (la
1477 5195 1530 5253 est
1546 5182 1667 5273 igitur.
1707 5182 1826 5271 Atqu'e
1841 5173 1900 5247 hic
1915 5176 2031 5268 aperit
2045 5200 2081 5246 se
2095 5173 2291 5243 latissimus
2311 5195 2398 5240 cam-

364 5289 541 5378 honorc's,
581 5293 713 5376 vitam,
756 5303 947 5373 mortem,'
974 5289 1165 5371 virtutem,
1199 5289 1356 5381 pruden-

364 5393 474 5478 liam,
514 5394 710 5477 iustitiam,
745 5394 1020 5476 liberalitatem,
1067 5390 1355 5481 temperantiam,
1381 5415 1385 5422 '
1443 5425 1699 5494 4)qgnmq„1u‚j
1727 5424 1772 5474 350
1791 5424 1877 5476 um·
1898 5420 1993 5486 mg,
2016 5419 2111 5484 qm„
2145 5419 2197 5472 Ed·
2218 5418 2298 5469 1532
2324 5419 2395 5483 5320.

1477 5495 1605 5557 rentiam,

401 5630 430 5695 r)
449 5630 521 5691 arra]
536 5628 577 5678 stc
594 5624 678 5676 rutro
694 5626 786 5688 roan,
803 5620 897 5685 isam
919 5623 969 5677 uu.
984 5621 1061 5675 resa.
1077 5620 1152 5672 artae
1442 5581 1644 5701 ”oiim
1654 5578 1961 5699 {mm-,3⁶
1974 5575 2091 5697 §2⁹³⁶
2109 5574 2215 5641 ⁰⁰t³⁰2
2247 5574 2400 5628 veroum

398 5731 430 5800 ²)
449 5735 494 5793 ιιι]
515 5733 542 5782 Ῑῦ
553 5731 604 5783 ffl-
622 5727 697 5781 ¹⁵³³·
716 5727 741 5774 ¹¹·
756 5727 775 5777 ¹0
794 5725 882 5773 ‘¹⁰⁸⁸‘
1441 5734 1472 5799 ti)
1491 5732 1637 5786 unedone
1655 5745 1738 5784 voces
1755 5734 1785 5784 lu
1802 5732 1929 5797 margine
1946 5730 2085 5795 repetitae
2102 5730 2175 5781 sunt.

397 5828 428 5895 8)
447 5830 591 5902 honores]
611 5834 662 5885 Ed.
681 5830 757 5883 1631.
776 5831 807 5882 ut
824 5828 952 5928 tpnores.
1355 5833 1369 5848 ··
1442 5819 1474 5887 1)
1490 5822 1569 5873 flere
1587 5828 1644 5870 ror
1660 5817 1690 5870 iu
1707 5829 1796 5885 marg.
1818 5817 1939 5883 repetita
1955 5818 2008 5869 eet.
