5534 6700
883 599 981 671 ⁴79

809 804 813 809 ³
879 770 1255 863 Spondeus
1285 784 1409 840 est.
1460 770 1574 839 Sic
1593 773 1786 860 apud
1802 770 2182 862 Virgilium
2202 723 2505 869 [Georg.
2525 768 2644 854 lv,
2664 766 2866 867 34.]:

1087 873 1227 944 Seu
1258 874 1452 942 lento
1484 873 1753 942 fuerint
1782 874 2093 944 alvearia
2131 874 2397 942 vimine
2435 886 2651 942 texta.

1082 970 1450 1048 κλείουσιν
1479 988 1783 1059 canunt,
1833 1000 1872 1044 a
1909 972 2128 1048 κλείω
2161 977 2422 1066 inclyte
2457 975 2764 1044 celebro.

1085 1080 1387 1172 πρῶτον
1414 1077 1860 1161 adverbium,
1895 1079 2237 1168 primum.
2277 1073 2525 1170 ἀοιδῇ,
2556 1076 2864 1148 dativus.

1083 1176 1378 1252 αἰδοῖον
1441 1177 1691 1277 γένος,
1780 1180 2185 1250 accusativi.
2312 1175 2527 1276 γένος
2588 1178 2865 1270 primae

879 1293 1290 1352 contractae
1319 1281 1815 1351 declinationis
1846 1294 2180 1352 neutrum
2214 1281 2737 1352 substantivum
2787 1281 2865 1349 in

881 1409 1003 1472 ος,
1052 1395 1133 1453 ut
1158 1378 1417 1475 μέλος,
1457 1381 1643 1477 χάος
1662 1381 1908 1476 χάεος.

1083 1483 1291 1556 θεῶν
1318 1485 1674 1576 genitivus
1702 1485 2001 1576 pluralis
2030 1509 2072 1553 a
2102 1476 2305 1570 θεός,
2353 1485 2551 1577 quod
2581 1509 2622 1553 a
2650 1480 2864 1555 θεάω

882 1587 1227 1678 templor,
1289 1611 1419 1656 seu
1464 1584 1673 1660 θέειν
1719 1610 2004 1656 currere
2059 1586 2413 1657 derivant.
2534 1585 2722 1658 Nam
2775 1610 2861 1655 eo

877 1688 1339 1760 vetustissimi
1369 1689 1670 1757 nomine
1713 1689 1992 1759 coelum
2040 1689 2282 1760 dixere
2308 1743 2329 1772 ,
2382 1692 2575 1782 quod
2611 1701 2861 1780 postea
2909 1717 2910 1720 ¹

878 1788 1200 1889 οἰρανός
1228 1791 1318 1859 ab
1352 1784 1560 1886 ὅράω
1589 1804 1822 1862 tueor.

1084 1925 1240 2021 (Vs.
1271 1921 1432 2021 52.)
1501 1925 1863 2025 αἰγιόχοιο
1922 1927 2278 2019 genitivus
2323 1925 2606 1998 Ionicus
2624 1981 2645 2010 ,
2727 1951 2861 2018 pro
2909 1978 2910 1987 κ

880 2027 1221 2131 αἰγιόχου
1283 2029 1535 2099 tertiae
1600 2030 2138 2112 declinationis,
2215 2025 2547 2128 αἲγίοχος
2592 2026 2864 2121 Iupiter

882 2126 1472 2225 cognominatus,
1536 2127 1684 2204 ἀπὸ
1727 2136 1856 2225 τῆς
1899 2128 2109 2231 αἰγὸς
2155 2129 2363 2226 ὀχῆς,
2435 2134 2524 2201 ab
2572 2132 2865 2201 alumna

879 2226 1122 2328 capra.
1228 2232 1333 2303 Ea
1383 2247 1530 2318 est,
1591 2237 1784 2303 unde
1825 2231 2045 2331 κέρας
2081 2230 2537 2329 ἅμαλθείας,
2594 2232 2864 2327 Copiae

882 2360 1110 2407 cornu
1139 2333 1288 2405 Iovi
1323 2349 1683 2407 sacratum
1718 2349 1845 2420 est,
1894 2320 2057 2406 vide
2075 2331 2502 2406 Callimachi
2530 2330 2866 2429 hymnos,

885 2438 1320 2511 Pausaniam
1359 2439 1438 2507 in
1467 2439 1835 2510 Arcadicis
1854 2493 1875 2522 ,
1929 2451 2000 2508 et
2032 2434 2495 2532 Mythologos
2526 2438 2729 2511 alios.

1096 2572 1252 2664 (Vs.
1280 2567 1439 2669 53.)
1500 2566 1650 2652 Τάς
1694 2573 1753 2643 si
1800 2571 1907 2642 vis
1952 2572 2246 2664 proprie
2293 2596 2689 2663 exponere,
2753 2575 2868 2644 fac

887 2676 1439 2768 postpositivum
1504 2673 1886 2743 articulum
1946 2669 2075 2764 ἅς,
2158 2674 2646 2766 adspiratione
2701 2675 2779 2745 in
2822 2703 2869 2749 τ

888 2779 1259 2849 translata.

1077 2880 1175 2953 ’ἐν
1220 2875 1536 2974 Πιερίῃ,
1598 2877 1679 2951 ἐν
1722 2874 2162 2968 praepositio
2217 2879 2460 2945 dativo
2515 2878 2866 2949 construi-

888 2995 1027 3053 tur.

887 3084 1045 3156 istic
1093 3082 1412 3173 primum
1462 3093 1755 3172 coeptae
1802 3079 1948 3150 sint
1996 3078 2173 3163 coli,
2244 3081 2549 3153 conditis
2592 3106 2632 3151 a
2675 3082 2865 3153 Lino

885 3183 1144 3267 sacris,
1195 3197 1275 3253 ut
1325 3182 1403 3252 in
1433 3182 1795 3253 Boeoticis
1823 3181 2259 3267 Pausanias,
2329 3196 2400 3253 et
2442 3206 2576 3255 nos
2623 3187 2867 3277 ecloga

887 3290 964 3358 in
993 3281 1352 3358 Philonda
1389 3284 1726 3356 lusimus:
1789 3282 2012 3377 Orgia
2044 3284 2414 3357 Pieridum
2465 3287 2591 3382 qui
2637 3288 2867 3380 spiras

887 3407 1164 3483 nupera
1194 3384 1529 3481 Daphni,
1574 3401 1706 3458 etc.
1807 3387 1814 3396 ’

1090 3504 1427 3606 Κρονίδῃ
1472 3507 1794 3591 dativus,
1858 3505 2418 3600 patronimicum
2469 3531 2508 3577 a
2556 3501 2868 3603 Κρόνος.

886 3611 993 3694 Ita
1026 3612 1419 3682 Saturnum
1451 3634 1792 3681 vocamus
1838 3603 1886 3678 a'
1906 3606 2179 3708 χρόνος
2219 3622 2540 3704 tempus,
2592 3606 2868 3709 Κρονί-

877 3711 1022 3812 ’δης
1049 3712 1428 3786 Saturnius
1449 3766 1469 3797 ,
1519 3712 1797 3805 primae
1828 3709 2326 3784 declinationis
2358 3713 2595 3805 simpl.

875 3815 880 3820 ’
1089 3816 1392 3915 μιγεῖσα
1433 3814 1891 3908 participium
1936 3815 2282 3885 aoriston.
2400 3812 2592 3885 Infra
2644 3815 2868 3886 disces

886 3919 1423 3990 formationem.
1528 3914 1570 3990 ὃ
1598 3913 1839 4016 μιγείς
1885 3913 2272 4014 μιγέντος,
2324 3911 2702 4016 ἦμιγεῖσα
2744 3944 2869 4012 μι-

883 4017 1134 4123 γείσης
1148 4071 1173 4111 ,
1225 4013 1313 4092 τὸ
1339 4018 1562 4118 μιγέν
1600 4017 1967 4119 μιγέντος.
2445 4119 2452 4126 Ι

1095 4155 1251 4250 (Vs.
1285 4152 1446 4251 54.)
1513 4148 1998 4250 Μνημοσύνη
2061 4151 2559 4224 declinationis
2619 4176 2866 4223 secun-

888 4264 1022 4329 dae
1053 4261 1287 4352 simpl.
1357 4258 1713 4326 Memoria
1742 4269 1929 4338 artes
1961 4256 2261 4348 peperit,
2315 4256 2673 4346 eleganter
2705 4251 2868 4340 hoc,

874 4376 1236 4458 ¹quantum
1273 4364 1365 4432 ad
1413 4356 1902 4458 μυθολογίαν
1935 4360 2229 4443 attinet,
2284 4384 2323 4427 a
2361 4354 2753 4428 Plutarcho
2791 4360 2866 4427 in

887 4462 1373 4536 convivalibus
1417 4459 1953 4555 quaestionibus
2000 4462 2257 4550 agitur.
2369 4453 2751 4531 'Habemus
2799 4475 2870 4531 et

889 4592 1021 4640 nos
1060 4569 1153 4635 ad
1179 4561 1366 4634 hanc
1396 4587 1548 4631 rem
1581 4561 2039 4631 suavissimos
2068 4561 2353 4630 Laberii
2395 4562 2779 4634 versiculos
2801 4592 2821 4632 τ

990 4664 1313 4762 Sophian
1349 4689 1464 4734 me
1497 4675 1760 4732 vocant
1789 4661 2034 4746 Graii,
2086 4687 2211 4733 vos
2240 4664 2690 4757 sapientiam.

992 4772 1180 4843 Usus
1214 4794 1328 4838 me
1360 4764 1754 4861 genuitoe),
1807 4777 2038 4862 mater
2074 4767 2353 4859 peperit
2384 4765 2764 4870 Memoria.
2803 4821 2813 4836 .
2925 4863 2928 4874 Ἴ

1092 4893 1483 4992 γουνοῖσιν
1514 4888 1927 4961 seminibus.
1996 4889 2195 4981 Quos
2228 4914 2358 4981 ego
2393 4890 2542 4960 vidi
2571 4887 2871 4961 Hesiodi

893 4995 1193 5077 libellos,
1245 4989 1332 5064 τὸ
1367 4994 1755 5091 γουνοῖσιν
1787 5017 1824 5061 a
1858 4991 2213 5083 superiori
2241 4992 2590 5062 sententia
2619 4991 2870 5064 distin-
2927 5054 2928 5057 ,

893 5110 1143 5190 guunt.
1245 5093 1495 5189 Itaque
1529 5107 1598 5161 et
1630 5118 1758 5185 ego
1795 5095 1869 5163 in
1903 5120 2063 5163 eum
2099 5096 2435 5177 modum,
2504 5097 2629 5164 sed
2673 5120 2711 5165 e
2757 5120 2871 5164 ra-

897 5202 1093 5270 tione
1123 5187 1607 5292 mythologiae
1639 5187 1856 5286 supra
1895 5195 2097 5266 verti.
2177 5195 2424 5289 Longe
2459 5199 2631 5268 'vero
2665 5221 2871 5292 prae-

895 5315 1073 5385 stat,
1142 5312 1490 5395 quantum
1545 5291 1890 5381 coniicio,
1956 5299 2055 5370 sic
2104 5298 2593 5392 interpretari:
2672 5301 2873 5394 Quas

897 5403 1243 5472 memoria
1281 5403 1517 5470 iuncta
1554 5392 1944 5471 seminibus
1969 5398 2129 5469 'Iovi
2154 5402 2344 5494 patri
2375 5404 2693 5496 peperit,
2752 5404 2874 5473 de·

961 5673 1207 5793 ”2325
1242 5675 1595 5793 samaa
1662 5675 1813 5790 ‘1225
1846 5653 2884 5803 mazam“sanas

1017 5777 1233 5877 τοῖοί,
1379 5778 1424 5809 ”
1596 5778 1647 5806 ”
1824 5779 1836 5791 ’
1917 5805 1926 5820 “
1989 5823 2028 5828 -·
2440 5771 2548 5840 ’....

2089 596 2336 671 PHIL.
2406 596 2632 670 MEL.
2700 595 3109 670 SCRIPTA
3171 595 3843 671 PHILOLOGICA.

1161 2980 1412 3049 Musae
1459 2978 1537 3047 in
1582 2978 1821 3047 Pieria
1865 2977 2148 3069 genitae
2209 2978 2546 3050 dicuntur
2566 3033 2587 3063 ,
2670 2984 2868 3074 quod
2911 3035 2912 3039 ,

4854 607 4960 677 80

2925 843 2928 848 μ
2974 767 3244 838 lectans
3275 766 3545 852 Iovem,
3598 770 3867 852 Musas,
3919 770 4242 863 inquam,
4296 772 4601 864 peperit,
4650 774 4958 845 oblivio-

2971 893 3139 938 nem
3186 872 3541 941 malorum
3565 924 3586 955 ,
3663 885 3736 941 et
3782 895 4121 942 curarum
4172 875 4815 969 tranquillitatem,
4878 892 4963 948 ut

2970 966 3090 1041 hic
3137 973 3525 1044 versiculus
3575 974 4043 1065 appositione·
4077 999 4240 1043 cum
4298 978 4792 1068 superioribus
4839 1004 4959 1049 co-

2970 1071 3285 1146 haereat.
3391 1075 3594 1145 Facit
3620 1077 4055 1147 constructio
4092 1077 4294 1147 verbi
4333 1075 4583 1171 μέδω,
4636 1095 4718 1151 ut
4760 1076 4960 1154 hunc

2971 1177 3301 1246 ordinem
3335 1180 3660 1270 probem.
3763 1175 4038 1276 γουνός
4079 1203 4365 1263 semen,
4418 1182 4526 1253 vis
4569 1182 4957 1271 foecunda,

2967 1279 3220 1349 tertiae
3256 1281 3758 1351 declinationis
3788 1281 4247 1372 simplicium.

3169 1378 3562 1472 μεδέουσα,
3598 1382 4055 1475 participium
4082 1407 4120 1451 a
4145 1379 4388 1478 μεδέω
4417 1386 4746 1480 antiquo,
4772 1412 4956 1482 'curo

2969 1495 3101 1554 etc.
3206 1481 3534 1577 μεδέων,
3580 1481 3994 1577 μεδέουσα,
4037 1482 4331 1578 μεδεον.

3160 1599 3611 1699 Ἐλευθῆρος
3652 1605 3742 1673 ab
3777 1597 4095 1700 ἐλευθήρ
4126 1605 4422 1698 quintae
4453 1607 4958 1683 declinationis

2967 1705 3439 1795 simplicium,
3494 1704 3681 1776 Iovis
3714 1701 4124 1811 epitheton,
4176 1718 4247 1775 et
4292 1710 4486 1799 apud
4515 1709 4952 1782 Pausaniam

2969 1830 3211 1878 cernes
3232 1862 3253 1890 ,
3304 1808 3659 1878 libertatis
3690 1808 3936 1878 titulus
3972 1821 4099 1878 est.

3171 1941 3325 2031 (Vs.
3359 1938 3518 2035 55.)
3582 1936 4012 2037 λησμοσύνη
4079 1943 4388 2030 oblivio,
4473 1971 4513 2014 a
4561 1943 4956 2038 λανθάνω,

2968 2046 3337 2139 quomodo
3373 2046 3614 2114 veniat
3649 2040 3814 2114 hinc
3837 2099 3858 2130 ‚
3912 2046 4185 2116 docebo
4216 2047 4359 2116 alio
4392 2048 4577 2120 loco.
4691 2050 4952 2123 Musae

2970 2147 3295 2218 animum
3339 2144 3851 2242 tranquillant,
3919 2146 4284 2220 affectibus
4329 2149 4676 2236 liberant,
4739 2167 4822 2223 ut
4868 2178 4960 2225 ex

2968 2248 3294 2320 instituto
3328 2245 3811 2342 Pythagorico
3845 2250 4234 2342 intelliges,
4288 2263 4359 2321 et
4386 2251 4957 2348 Clytemnestrae

2968 2346 3316 2435 historia,
3399 2375 3585 2446 quae
3655 2365 3807 2421 tum
3867 2352 4160 2423 demum
4223 2353 4481 2424 violari
4528 2356 4953 2449 pudicitiam

2968 2478 3171 2524 suam
3212 2477 3415 2545 passa
3450 2466 3594 2538 est,
3649 2478 3813 2524 cum
3855 2456 4205 2526 musicum
4248 2458 4666 2530 sustulisset.
4782 2459 4956 2530 Plu·

2970 2556 3153 2625 rima
3191 2556 3281 2624 ad
3314 2552 3491 2626 haec
3521 2559 3716 2649 apud
3744 2553 4198 2628 Athenaeum
4226 2559 4418 2650 lege,
4485 2561 4628 2628 alio
4661 2560 4721 2630 si
4752 2561 4954 2630 lubet

2920 2676 2923 2685 ”
2971 2671 3041 2727 et
3077 2654 3264 2727 hanc
3296 2654 3601 2752 mython
3634 2656 3875 2743 trahe,
3927 2661 4031 2726 nil
4077 2659 4372 2749 dignum
4417 2660 4662 2750 parari
4695 2660 4950 2747 Musis,

2920 2764 2923 2853 J
2968 2760 3109 2831 nisi
3140 2762 3529 2854 tranquilla
3569 2774 3639 2829 et
3668 2772 3855 2829 recte
3884 2759 4269 2831 constituta
4300 2774 4563 2833 mente.

3178 2861 3586 2955 ἄμπαυμα,
3642 2861 3924 2932 verbale
3965 2874 4301 2933 neutrum
4322 2916 4342 2946 ,
4394 2863 4576 2934 sicut
4603 2862 4948 2964 γράμμα.

3171 2956 3663 3059 μερμαιρᾶων
3709 2986 4043 3034 curarum
4098 2963 4494 3035 anxiatum.
4625 2965 4707 3035 ld
4754 2967 4949 3036 enim

2970 3064 3083 3133 vel
3128 3061 3514 3163 μερμαίρα
3563 3065 3674 3134 vel
3717 3062 4045 3163 μέριμνα
4091 3066 4478 3158 significat,
4557 3080 4948 3163 utrumque

2911 3183 2912 3191 ’
2969 3169 3321 3239 secundae
3364 3164 3864 3240 declinationis
3909 3168 4337 3260 simplicium
4359 3223 4380 3253 ,
4442 3166 4770 3267 μέριμνα
4805 3172 4951 3242 usi-

2968 3269 3186 3343 tatius
3220 3281 3346 3341 est.
3448 3265 3880 3341 Theocritus
3913 3268 4150 3366 (Idyll.
4186 3268 4368 3357 XXI,
4419 3273 4458 3342 1
4483 3273 4739 3368 -3.):

2961 3368 3049 3443 ‘A
3073 3369 3329 3458 πενία,
3384 3368 3762 3468 Διόφαντε
3781 3424 3799 3453 ,
3851 3372 4054 3465 μόνα
4080 3372 4215 3454 τὰς
4242 3373 4503 3467 τέχνας
4535 3373 4831 3474 ἐγείρει·

2972 3470 3169 3546 αὐτὰ
3208 3478 3317 3545 τῶ
3361 3469 3689 3567 μόχθοιο
3722 3469 4209 3556 διδάσκαλος·
4262 3472 4437 3548 οὐδὲ
4472 3474 4623 3577 γὰρ
4658 3475 4855 3553 εὕδει

2973 3571 3345 3671 ἀνδράσιν
3375 3576 3454 3673 ἐρ
3508 3572 3833 3649 ατίναισι
3860 3572 4087 3649 κακαὶ
4114 3575 4509 3673 παρέχοντι
4544 3577 4923 3680 μέριμναι.

2969 3677 3405 3769 Paupertas,
3518 3673 3899 3771 iophante,
3949 3680 4101 3750 sola
4131 3691 4319 3750 artes
4352 3682 4648 3766 excitat,

2913 3779 2914 3782 ’
2960 3777 3128 3871 Ipsa
3163 3780 3432 3851 laboris
3464 3781 3805 3872 magistra
3841 3793 3971 3854 est.
4063 3782 4315 3877 Neque
4347 3784 4538 3852 enim
4574 3785 4898 3855 dormire

2970 3882 3163 3952 Viris
3197 3882 3699 3973 operatoribus
3730 3884 3962 3952 malae
3990 3886 4339 3976 praebent
4368 3886 4762 3977 angustiae.

3162 4001 3395 4071 Huius
3427 4002 3940 4094 significantiae
3973 4015 4079 4073 est
4107 4017 4175 4073 et
4198 3997 4591 4104 μεριμνᾶω
4624 4007 4953 4090 verbum,

2972 4105 3340 4187 sollicitus,
3374 4104 3627 4174 anxius
3646 4105 3906 4196 cogito,
3936 4103 4087 4176 eius
4105 4131 4273 4177 usus
4304 4106 4514 4184 estin
4528 4097 4793 4180 Psahn.
4826 4107 4956 4180 3⁷.

2973 4204 3118 4306 [vs.
3171 4202 3329 4304 19.]
3407 4204 3536 4278 καὶ
3607 4200 4041 4304 μεριμνήσω
4120 4202 4309 4306 ὑπὲρ
4379 4213 4507 4305 τῆς
4572 4205 4949 4306 ἆμαρτίας

2968 4315 3148 4402 μου,
3202 4321 3274 4377 et
3300 4308 3554 4379 anxius
3582 4333 3709 4379 seu
3739 4309 4081 4381 sollicitus
4114 4335 4240 4380 ero
4268 4336 4401 4403 pro
4430 4321 4733 4403 peccato·
4753 4335 4944 4383 meo.

2972 4410 3455 4484 Commodum
3491 4413 3803 4481 reddidit
3831 4413 4148 4484 Graecus
4175 4410 4548 4505 emphasin
4560 4413 4772 4484 ‘vocis
4804 4413 4949 4483 He-

2970 4515 3234 4584 braeae
3270 4526 3485 4618 :us-3¹23
3521 4512 3779 4583 Latine
3826 4515 4154 4605 cogitabo
4194 4517 4531 4607 legimus,
4596 4519 4796 4610 quod
4842 4516 4948 4585 vi-

2973 4619 3098 4688 des
3162 4641 3379 4709 quam
3441 4640 3593 4686 non
3656 4619 4097 4708 respondeat.
4129 4618 4378 4710 plenae
4428 4618 4948 4710 significantiae

2973 4719 3209 4789 verbis
3240 4712 3676 4813 μεριμνήσω
3705 4715 3836 4792 καὶ
3864 4733 4093 4825 ung.

3179 4852 3336 4947 (νε.
3384 4852 3543 4949 60.)
3647 4848 4081 4952 ὁμόφρονας
4161 4857 4252 4926 ab
4330 4850 4536 4949 ὁμῶς
4612 4856 4951 4954 φρονεῖν,

2975 4956 3224 5050 aequis
3284 4955 3559 5046 legibus
3621 4962 4060 5028 conveniunt
4108 4957 4479 5030 Musarum
4526 4958 4953 5040 cantilenae,

2975 5060 3049 5129 id
3082 5071 3227 5142 est,
3280 5056 3473 5128 Tum
3506 5061 4025 5131 demum·recte
4058 5071 4246 5131 artes
4282 5073 4718 5139 tractantur,
4785 5082 4953 5127 cum

2977 5162 3160 5234 aliae
3216 5160 3375 5232 aliis
3434 5160 3851 5253 iunguntur.
3997 5156 4256 5234 Choris
4310 5165 4622 5255 gaudent
4674 5159 4955 5244 Musae,

2975 5263 3344 5338 dialectica
3393 5259 3802 5334 rhetoribus
3854 5264 4013 5335 usui
4064 5278 4209 5351 est,
4285 5263 4675 5356 geometria
4727 5275 4959 5333 astro-

2977 5367 3252 5451 nomis,
3321 5377 3608 5458 poetam
3658 5360 4154 5457 philosophia,
4222 5355 4737 5460 philosophum
4782 5380 4959 5455 poe-

2979 5471 3116 5541 tica
3166 5470 3664 5551 commendat,
3731 5481 3945 5562 atque
3991 5469 4066 5537 id
4110 5484 4252 5554 est,
4321 5471 4517 5565 quod
4569 5466 4963 5567 ἐγκύκλιον

2979 5595 3320 5641 vocamus
3381 5565 3751 5647 παιδείαν.
3881 5569 4176 5641 Declina
4224 5569 4269 5645 ὃ
4327 5569 4737 5669 ὃμόφρων,
4819 5574 4963 5641 τοῦ

2979 5669 3465 5770 ὅμόφρονος,-
3492 5670 3687 5742 iuxta
3716 5673 4122 5766 analogiam
4157 5676 4453 5770 quintae
4496 5671 4964 5767 simplicium,

2937 5841 2938 5844 ,
2978 5801 3044 5849 ω
3073 5775 3151 5846 in
3186 5800 3230 5848 ο
3259 5786 3600 5847 mutatur.
