5534 6700
819 562 966 641 571

1026 735 1361 809 CLXXX.
1801 742 1808 751 '
1870 729 2081 799 Multi
2153 751 2168 780 ¹

1565 987 1708 1058 Ubi
1867 985 2096 1056 Pauci
2232 985 2597 1077 imperant

1872 1242 2068 1312 Boni

1615 1398 1665 1468 S
1681 1422 1724 1467 o
1744 1423 1816 1497 m
1834 1423 1887 1467 n
1902 1399 1928 1466 i
1944 1422 2012 1470 a.

1026 1546 1396 1624 CLXXXI.
1468 1544 1741 1618 Sathan
1785 1572 2160 1642 nunquam
2210 1559 2434 1618 cessat
2473 1543 2806 1615 homines

818 1657 1199 1732 sollicitare
1251 1670 1322 1723 et
1362 1674 1663 1734 vexare,
1755 1652 1854 1720 ita
1920 1664 2001 1721 ut
2057 1650 2273 1720 etiam
2332 1661 2556 1718 noctu
2606 1660 2679 1718 et
2728 1647 2809 1716 in

759 1756 767 1767 ’
817 1759 1091 1834 somnis
1122 1769 1330 1828 vexet
1369 1754 1708 1849 inquietis
1754 1754 2053 1824 somniis
2103 1766 2174 1823 et
2222 1751 2648 1844 angoribus,
2701 1761 2809 1818 at·-

819 1887 960 1959 que
993 1865 1173 1932 adeo
1207 1873 1289 1930 ut
1323 1871 1555 1927 totum
1591 1881 1850 1949 corpus
1881 1856 2163 1926 diffluat
2202 1857 2586 1927 sudoribus
2628 1876 2806 1946 prae

817 1966 942 2035 illa
993 1964 1218 2035 nimia
1266 1959 1617 2052 angustia.
1736 1959 1845 2030 Ad
1894 1956 2074 2029 baec
2122 1960 2561 2029 dormientes
2609 1956 2809 2026 ducit

820 2080 1018 2141 extra
1079 2066 1404 2138 cubicula
1471 2064 1548 2133 in
1586 2065 1745 2134 loca
1797 2063 2218 2155 praecipitia
2268 2075 2339 2132 et
2379 2060 2807 2154 periculosa,

821 2196 1004 2267 quoa
1034 2171 1096 2242 si
1140 2167 1376 2261 angeli
1421 2189 1573 2237 non
1624 2167 2105 2249 custodirent,
2175 2168 2514 2266 caderent
2559 2175 2630 2233 et
2680 2185 2807 2254 pe-

821 2275 1075 2345 nitent.

1475 2452 1678 2525 sum
1700 2478 1928 2547 mum
1977 2452 2142 2547 ius.

1028 2588 1430 2663 CLXXXII.
1495 2591 1812 2685 Quidam
1847 2591 2146 2659 molitor
2173 2586 2486 2660 babebat
2520 2589 2805 2662 asinum

821 2709 894 2769 et
924 2694 1201 2766 vicinus
1230 2695 1547 2786 piscator
1574 2687 1914 2785 scapham
1934 2746 1955 2777 ,
2015 2706 2319 2788 uterque
2362 2717 2513 2762 non
2561 2692 2809 2784 alliga-

817 2812 937 2870 rat
963 2823 1133 2869 rem
1183 2821 1412 2869 suam.
1547 2796 1737 2868 Casu
1786 2809 2022 2866 autem
2070 2796 2366 2880 accidit,
2443 2807 2526 2866 ut
2565 2796 2809 2867 asinus

819 2904 1234 2975 ascenderet
1278 2900 1356 2968 in
1401 2896 1786 2992 scapham,
1872 2923 2057 2992 quae
2104 2923 2234 2992 per
2276 2893 2469 2968 hunc
2526 2911 2804 2968 motum

821 3017 1062 3077 amota
1094 3017 1238 3083 est;
1292 3001 1537 3073 asinus
1575 3026 1719 3073 una
1754 3026 1915 3071 cum
1950 2997 2212 3094 scapha
2250 3000 2489 3093 periit.
2568 2999 2809 3093 Quae-

820 3108 1048 3189 ritur,
1096 3120 1255 3176 uter
1287 3106 1590 3173 alterum
1628 3103 1785 3174 iure
1833 3127 2164 3174 accusare
2206 3102 2673 3195 potuerim),
2727 3105 2810 3179 nb

820 3216 936 3287 bet
967 3205 1119 3298 &fel
1151 3212 1275 3282 ben
1305 3207 1475 3300 {ban
1507 3209 1659 3282 obet
1687 3210 1797 3281 bet
1829 3206 1998 3301 {ban
2028 3211 2150 3283 ben
2182 3204 2332 3301 &sel
2374 3207 2500 3300 bah
2544 3208 2809 3303 binmeg

817 3309 1063 3412 geffitt.
1162 3310 1479 3405 Quidam
1512 3335 1597 3381 ex
1630 3310 2103 3385 assidentibus
2132 3310 2467 3382 dixerunt
2502 3334 2651 3383 esse
2696 3336 2811 3383 ca-

819 3442 980 3490 sum
1012 3415 1392 3488 fortuitum
1413 3468 1434 3499 ,
1490 3428 1559 3484 et
1589 3414 1931 3510 utrinque
1961 3414 2406 3508 negligenter
2433 3428 2804 3508 peccatum

821 3543 1014 3605 esse,
1096 3518 1341 3613 itaque
1397 3518 1635 3614 inquit
1679 3516 1804 3589 D.:
1891 3516 2272 3590 Summum
2321 3517 2433 3590 ius
2491 3541 2644 3588 non
2704 3531 2813 3592 est

818 3625 1375 3716 praestandum,
1425 3623 1550 3692 sed
1598 3621 1839 3714 potius
1888 3621 2254 3720 aequitas,
2322 3620 2421 3692 sic
2469 3633 2540 3691 et
2568 3617 2810 3693 Theo-

818 3724 969 3816 logi
1007 3726 1261 3793 docere
1291 3725 1553 3793 debent
1582 3720 1955 3808 homineS,
2012 3729 2138 3802 bass
2188 3728 2288 3801 bie
2333 3725 2469 3799 lesst
2523 3725 2692 3819 nicht
2729 3747 2810 3821 311

823 3826 1051 3922 mitid>
1081 3826 1236 3921 nod)
1260 3847 1339 3918 321
1379 3826 1507 3920 bb&
1541 3831 1822 3902 wetben.
1921 3825 2091 3898 Ideo
2134 3830 2526 3901 secundum
2563 3829 2809 3924 aequi-

822 3942 1046 4000 tatem
1081 3929 1325 4018 omnia
1351 3929 1737 3999 iudicanda
1774 3942 1942 4002 sunt

1215 4041 1387 4109 Satist
1987 4058 2255 4099 summa
2277 4046 2368 4100 tus

843 4111 949 4172 Cin
973 4109 1152 4182 iunget
1215 4113 1529 4179 theologus
1627 4047 1750 4249 {th
1774 4111 1931 4178 ῐκώιιι
1954 4045 2257 4248 {suman
2279 4116 2638 4170 sanctitatem

1214 4180 1586 4247 Magistratus
1988 4195 2256 4238 sunnam
2279 4185 2667 4239 obedientiam.

1027 4356 1542 4429 Prudentia
1598 4362 1690 4429 in
1744 4360 2224 4431 ambienda
2276 4385 2585 4433 uxore.

1031 4495 1466 4569 chxxlll.
1524 4497 1671 4568 Res
1698 4498 1910 4589 longe
1938 4499 2342 4569 miserrima
2390 4512 2494 4569 est
2543 4495 2810 4569 habere

823 4601 1011 4672 vitae
1045 4603 1314 4672 sociam
1350 4601 1647 4670 infidam
1698 4601 2152 4693 ignorantem
2220 4602 2345 4672 sed
2389 4599 2697 4672 scienter
2737 4612 2810 4672 et

820 4705 1105 4799 publice
1133 4707 1321 4777 ferre
1353 4703 1934 4777 molestissimum
1969 4717 2111 4790 est,
2164 4703 2347 4778 sicut
2391 4717 2697 4798 apparet
2730 4705 2810 4774 in

821 4832 1144 4902 pavone,
1219 4808 1383 4904 qui,
1464 4821 1546 4880 ut
1605 4810 1884 4891 ferunt,
1962 4809 2270 4881 similem
2330 4807 2445 4878 vel
2501 4807 2805 4912 rivalem¹

820 4912 1008 4981 ferre
1036 4912 1293 5007 nequit
1307 4939 1325 4994 ;
1371 4913 1679 5004 proinde
1728 4914 1789 4984 si
1835 4907 1912 4981 in
1958 4935 2144 5008 aqua
2179 4911 2567 5003 imaginem
2598 4915 2807 4983 suam'
2840 4945 2841 4950 ¹

822 5016 1172 5107 conspicit
1203 5028 1274 5085 et
1305 5038 1466 5084 eam
1494 5016 1846 5110 impedire
1890 5015 2184 5110 nequit,
2232 5038 2307 5085 se
2363 5013 2597 5104 ipsum
2642 5014 2807 5083 sub·

821 5117 1107 5210 mergit.
1240 5117 1511 5189 Moneo
1557 5120 1801 5217 itaque
1852 5143 2014 5203 eos,
2100 5117 2224 5212 qui
2289 5127 2685 5209 procantur
2738 5129 2813 5187 et
2856 5134 2858 5137 ’

820 5245 1082 5293 uxores
1120 5221 1489 5308 ambiunt,
1537 5247 1631 5294 ne
1675 5236 1944 5294 temere
1989 5232 2208 5313 agant
2252 5219 2622 5291 affectibus
2664 5219 2813 5293 suis

820 5336 1105 5395 tantum
1172 5327 1644 5422 obsequentes
1663 5383 1685 5414 ,
1772 5329 1898 5399 sed
1939 5324 2176 5395 Deum
2226 5335 2474 5407 orent,
2555 5326 2684 5401 bob
2733 5320 2814 5416 ist
2880 5401 2887 5411 ,

822 5425 968 5520 febr
1029 5447 1164 5505 bon
1222 5433 1488 5528 nfitben.
1615 5434 1987 5505 Acerbitas
2040 5425 2394 5523 quaedam
2451 5425 2532 5494 in
2580 5452 2810 5500 uxore

818 5529 1115 5604 fei-enda
1150 5550 1279 5613 est.
2633 5549 2640 5556 '

889 5766 989 5831 76)
1022 5775 1296 5837 potuerit]
1331 5774 1506 5828 cod-z
1557 5774 1737 5840 potuit

2045 553 2294 628 PfflL.
2362 550 2589 629 MEL.
2659 551 3067 629 SCRIPTA
3134 549 3670 629 HISTORICA.

2747 930 2852 999 ibi
2902 929 3212 1022 dignitas
3265 925 3481 998 habe-

2800 1045 2921 1102 tur
2966 1056 3100 1126 pro

2865 2004 2868 2008 „
2909 1934 3179 2025 logum.

4751 555 4919 643 522

3634 725 4005 804 libertate,
4059 746 4249 817 quae
4278 725 4427 793 abit
4465 724 4539 793 in

3686 825 4074 895 licentiam.

3634 981 3891 1071 opibus
3923 979 4428 1051 etnobilitate.

3641 1133 3947 1216 virtute,
4016 1145 4085 1201 et
4126 1129 4264 1201 hoc
4313 1132 4539 1225 impe-

3675 1235 3864 1305 rium
3894 1248 3998 1306 est
4019 1236 4533 1308 felicissimum.

2909 1386 3364 1458 Diabolus
3419 1389 4108 1480 cognoscendus
4160 1414 4257 1460 ex
4312 1390 4907 1484 inspectione

3666 1488 4142 1584 Decalogi.

3116 1623 3583 1698 chxxlm.
3651 1627 3849 1698 Sicut
3880 1627 4079 1700 Deus
4122 1642 4230 1701 est
4276 1626 4499 1703 thesis
4527 1629 4905 1726 Decalogi,

2910 1727 3012 1796 ita
3043 1726 3393 1801 Diabolus
3425 1743 3530 1801 est
3559 1726 3932 1803 antithesis
3958 1731 4152 1816 eius,
4202 1734 4301 1803 ita
4333 1734 4395 1805 si
4424 1736 4622 1806 voles
4653 1762 4901 1809 veram

2910 1831 3297 1922 imaginem
3354 1856 3776 1922 agnoscere,
3840 1837 4202 1929 perpende
4252 1837 4633 1928 diligenter
4674 1839 4903 1910 Deca-

3295 1933 3589 2006 Diaboli
3632 1944 3848 2028 caput
3889 1928 4290 2008 est'contra
4329 1939 4641 2031 primam
4687 1946 4904 2014 tabu-

2909 2037 3099 2121 lam,
3150 2060 3412 2130 nempe
3452 2037 3614 2108 Deo
3664 2063 3814 2109 non
3864 2041 4259 2125 confidere,
4324 2041 4558 2134 ipsum
4605 2067 4758 2114 non
4807 2047 4898 2113 ti-

2911 2162 3148 2224 mere,
3197 2163 3351 2210 non
3396 2141 3735 2234 diligere,
3772 2164 3918 2212 nec
3962 2166 4208 2213 veram
4257 2142 4559 2235 gloriam
4598 2147 4739 2239 ipsi
4762 2162 4913 2218 at·-

2910 2241 3287 2314 tribuere..
3321 2241 3405 2312 In
3434 2246 3748 2315 secundo
3780 2259 4164 2339 praecepto
4196 2250 4638 2339 comperitur
4652 2250 4894 2321 Deum

2806 2432 2813 2441 .
2909 2340 3521 2443 blasphemare'fl)
3541 2402 3562 2431 ,
3626 2360 3877 2417 contra
3922 2350 4156 2441 ipsum
4206 2374 4704 2438 murmurare,
4765 2377 4915 2423 no-.

2911 2447 3289 2520 minacius
3316 2449 3622 2540 pessime
3651 2450 3875 2523 abuti.
3949 2448 4032 2521 In
4058 2452 4275 2522 tertio
4306 2466 4415 2524 est
4442 2468 4900 2548 contemptus

2910 2551 3155 2635 verbi,
3202 2553 3397 2622 nolle
3436 2554 3690 2624 audire
3721 2552 3956 2625 Deum
3998 2554 4419 2648 loquentem
4441 2610 4463 2641 ‚
4514 2562 4640 2630 sed
4684 2559 4898 2627 cavil-

2910 2653 3089 2737 lari,
3162 2653 3365 2726 illum
3433 2669 3934 2741 contemnere,
4009 2660 4343 2754 persequi
4404 2673 4476 2729 et
4536 2661 4905 2752 negligere,

2911 2756 3281 2828 ministros
3311 2759 3557 2843 verbi,
3610 2761 3795 2830 adeo
3835 2773 3916 2831 ut
3956 2761 4147 2830 fame
4194 2776 4530 2855 pereant,
4598 2786 4892 2834 omnem

2910 2871 3283 2952 praeterea
3315 2862 3586 2932 cultum
3616 2862 3829 2932 flocci
3850 2866 4186 2955 pendere.
4286 2865 4612 2936 Secunda
4647 2867 4894 2936 tabula

2913 2961 3235 3033 continet
3284 2987 3544 3056 corpus
3591 2962 3907 3038 Diaboli.
4039 2964 4223 3039 Nam
4286 2981 4625 3062 quartum
4682 2993 4892 3060 prae·

2912 3077 3194 3157 ceptum
3214 3118 3235 3149 ,
3297 3081 3630 3159 parentes
3660 3081 4120 3141 contemnere
4139 3123 4160 3154 ,
4208 3071 4311 3142 eis
4338 3070 4533 3140 nolle
4564 3070 4892 3154 obedire,

2912 3192 3035 3239 eos
3067 3167 3331 3238 iniuria
3367 3171 3683 3254 afficere,
3735 3174 4123 3244 seditiones
4151 3186 4399 3242 contra
4431 3174 4893 3265 magistratus

2912 3294 3231 3357 movere,
3277 3285 3382 3343 est
3414 3287 3659 3366 pectus
3689 3273 3981 3346 Diaboli
4012 3277 4461 3348 dissolutum.
4535 3276 4897 3371 Quintum

2912 3387 3414 3468 praeceptum,
3475 3377 3834 3464 occidere,
3897 3380 4168 3464 odisse,
4236 3380 4485 3460 irasci,
4559 3379 4901 3449 omnibus

2912 3473 3328 3553 hominibus
3376 3482 3562 3551 male
3611 3483 3836 3566 velle,
3902 3485 4256 3575 prodere,
4322 3483 4690 3566 invidere,
4756 3477 4901 3551 hoc

2912 3591 3019 3654 est'
3042 3582 3266 3674 ipsius
3298 3607 3446 3655 cor.
3562 3585 3894 3670 Sextum,
3946 3585 4379 3656 adulterium
4403 3640 4425 3669 ,
4478 3610 4625 3657 esse
4669 3584 4900 3654 forni-

2915 3693 3272 3771 catorem,
3356 3686 3750 3772 incestum,
3818 3689 4148 3773 mollem,
4216 3688 4717 3772 Sodomitum,
4781 3687 4893 3755 in-

2913 3788 3439 3873 continentem,
3520 3790 3966 3883 impudicum
4034 3792 4274 3884 lingua
4341 3805 4412 3861 et
4468 3806 4705 3884 gestu,
4786 3801 4892 3860 est

2916 3903 3163 3961 venter
3229 3891 3542 3964 Diaboli.
3673 3895 4074 3985 Septimum
4098 3949 4119 3978 ,
4196 3896 4561 3966 neminem
4620 3898 4898 3976 iuvare,

2869 4046 2872 4050 -
2914 3993 3186 4065 cunctis
3234 3991 3653 4068 hominibus
3711 4010 3836 4066 aut
3879 4000 4132 4067 fraude
4176 4023 4303 4068 sua
4346 4022 4608 4069 nocere
4656 4010 4784 4068 aut
4823 3995 4901 4065 vi

2913 4097 3366 4182 defraudari,
3402 4085 3411 4092 ’
3442 4098 3857 4190 deglubere,
3937 4100 4199 4171 iniuste
4218 4098 4313 4196 ⁷⁸)
4361 4116 4570 4194 parta
4638 4101 4901 4171 confir-

2913 4224 3140 4283 mare,
3194 4225 3463 4280 merces
3489 4201 3926 4273 adulterinas
3959 4206 4297 4289 vendere,
4342 4200 4522 4275 haec
4547 4220 4716 4277 sunt
4746 4228 4902 4299 ma·-¹

2911 4327 3048 4374 nus
3083 4314 3164 4394 et·
3183 4325 3458 4395 ungues
3482 4304 3698 4376 illius.
3802 4304 4156 4376 Octavum
4180 4361 4201 4391 ,
4253 4308 4676 4390 detrectare,
4717 4308 4901 4377 infa-

2914 4429 3139 4488 mare,
3191 4406 3540 4490 cavillari,
3591 4408 4018 4478 calumniari
4051 4411 4368 4502 singula,
4420 4407 4596 4481 baec
4636 4426 4743 4484 est
4773 4435 4905 4479 vo-

2911 4509 3151 4580 luntas
3179 4509 3330 4580 eius
3351 4563 3372 4595 ‚
3424 4514 3551 4587 bae
3583 4507 3664 4601 ist
3690 4516 3818 4588 bae
3845 4510 4232 4607 fteunbttid)
4263 4516 4428 4590 bitbt
4464 4521 4577 4590 bec
4608 4513 4902 4609 teuffels.

2913 4611 3122 4684 Nunc
3176 4612 3428 4705 fingito
3479 4615 3610 4684 tibi
3677 4628 3744 4686 te
3804 4618 4047 4688 videre
4087 4614 4458 4688 hominem
4506 4618 4904 4711 perditissi-

2913 4740 3113 4785 mum
3147 4729 3218 4786 et
3246 4718 3925 4809 desperatissimum,
3972 4725 4059 4796 ba
4086 4718 4312 4817 sibesttt
4340 4726 4462 4797 beu
4491 4720 4713 4817 teuffel
4747 4724 4900 4797 leibs

2831 4879 2843 4930 ι
2914 4816 3153 4913 bdftig.
3259 4814 3585 4893 Christus
3630 4821 3834 4893 illum
3883 4825 4206 4915 depinxit
4250 4827 4698 4918 paucissimis
4741 4847 4896 4895 ver-

2912 4923 3047 5006 bis,
3079 4923 3499 4993 mendacem
3530 4927 3900 5018 appellans
3933 4941 4183 4997 contra
4209 4930 4517 5021 primam
4549 4930 4905 5013 tabulam,

2915 5038 2987 5096 et
3047 5020 3485 5098 homicidam
3555 5045 3806 5102 contra
3869 5032 4298 5115 secundam,
4401 5034 4640 5125 primo
4704 5032 4905 5102 enim

2912 5129 3094 5200 falsa
3126 5130 3448 5216 disserit,
3500 5134 3679 5203 falso
3715 5133 3911 5205 cultu
3945 5128 4277 5205 homines
4309 5136 4468 5227 pios
4495 5137 4612 5207 die
4648 5149 4906 5207 noctu-

2916 5253 3060 5329 que
3116 5233 3490 5319 sollicitat,
3573 5248 3646 5305 et
3696 5255 3851 5331 quo=
3891 5249 4060 5307 sunt
4105 5233 4437 5310 homines
4483 5240 4908 5322 sanctiores,

2916 5359 3007 5406 eo
3048 5336 3360 5408 ferocius
3403 5340 3750 5429 exagitat,
3828 5340 4166 5432 speciosis
4211 5342 4518 5414 cultibus
4557 5343 4909 5427 alliciens,

2916 5438 3183 5535 quibus
3224 5439 3488 5512 avellat
3533 5464 3574 5509 a
3619 5440 3778 5512 Deo
3826 5457 3898 5514 et
3940 5467 4113 5514 vero
4150 5442 4288 5515 Dei
4329 5446 4546 5519 cultu.
4652 5446 4908 5519 Cultus

2986 5675 3089 5744 π)
3118 5677 3536 5742 blasphemare]
3574 5679 3745 5735 Mt
3794 5655 4179 5748 piune-m

2988 5764 3093 5827 2⁸)
3124 5763 3361 5829 int-sto]
3395 5764 3562 5820 Gom:
3610 5769 3817 5822 minata
