5534 6700
956 611 1080 689 pull..
1106 613 1220 688 MEL.
1246 613 1451 691 SCRIPTA
1475 610 1815 691 PRILOLOGICA·

653 784 904 876 Tempora,
935 779 1079 882 χρόνοι.

475 921 553 990 Hoc
569 945 677 1013 opus,
702 916 762 990 hic
776 919 880 989 labor
898 942 951 992 est
973 947 1159 993 secernere
1180 935 1360 1016 tempora.

371 1018 463 1094 Sunt
482 1023 577 1093 enim
603 1023 716 1093 multa
742 1047 784 1092 ac
810 1023 931 1105 varia,
965 1028 1140 1117 quaedam
1167 1025 1276 1095 etiam
1302 1051 1361 1118 ge-

372 1124 469 1194 mina
485 1123 559 1219 ¹⁰¹).

470 1221 622 1301 Ἐνεστό
627 1252 645 1305 ς
667 1216 823 1319 χρόνος,
877 1222 1018 1297 lustaus
1049 1242 1209 1321 tempus,
1262 1233 1359 1324 quod

372 1331 567 1411 modoffit,
601 1327 796 1417 significat,
829 1323 925 1425 λέγω
950 1329 1044 1398 dico.

473 1425 738 1526 Παρατατικὸς
757 1427 915 1523 χρόνος,
947 1430 1179 1503 Ertensivum
1209 1448 1361 1527 tempus,

372 1528 617 1602 inchoativum
637 1532 784 1600 modum
800 1531 1011 1617 nominant,
1036 1548 1180 1604 extenso
1196 1548 1360 1628 tempore

370 1634 410 1702 in
425 1658 524 1717 rem,
550 1657 642 1728 quae
660 1631 854 1724 agebatur,
880 1639 1043 1706 nondum
1060 1639 1280 1721 confectam,
1306 1652 1360 1723 ut,

372 1736 494 1831 Quom
517 1748 557 1805 tu
578 1737 739 1816 luderes,
774 1737 980 1825 graecabar.

474 1835 759 1935 Παρακείμενος
795 1829 953 1934 χρόνος,
1004 1841 1243 1912 Praeteritum
1278 1867 1360 1933 per-

368 1943 522 2024 fectum,
553 1964 721 2033 prorsum
753 1940 952 2011 absolutam
979 1945 1157 2014 actionem
1184 1946 1359 2036 designat.

244 2084 246 2089 ·
367 2042 546 2113 Adiaceus
576 2052 717 2134 tempus
748 2042 891 2115 dicitur.
950 2045 1044 2118 Nam
1075 2051 1174 2141 quod
1198 2049 1358 2139 primum

367 2147 441 2215 iam
464 2148 598 2215 factum
623 2159 695 2228 est,
730 2146 917 2238 siguificat.

464 2243 783 2345 Ὕπτρσυντολικὸς
792 2242 945 2343 χρόνος,
960 2249 1358 2345 Plusquamperfectum

367 2360 528 2444 tempus,
555 2352 630 2422 eius
644 2375 728 2422 usus
742 2363 794 2420 est
807 2351 973 2436 Graecis,
999 2353 1062 2447 qui
1078 2366 1113 2422 et
1129 2352 1281 2426 Latinis.

369 2498 371 2505 ·
459 2451 649 2550 Ἀόριστος
668 2450 823 2549 χρόνος,
856 2451 1085 2526 Indefinitum
1110 2456 1357 2546 praeteritum.

366 2556 397 2626 A
417 2581 664 2648 paraceameuo
682 2555 821 2638 differt,
844 2560 942 2652 quod
963 2554 1238 2655 παρακείμενον
1255 2583 1357 2650 prae·

366 2659 502 2730 teriisse
518 2683 594 2729 rem
612 2660 769 2749 primum
787 2658 859 2728 iam
875 2659 1024 2743 indicat,
1047 2675 1270 2755 quapropter
1285 2686 1356 2731 πα·

255 2787 257 2790 ·
366 2755 599 2856 ρακείμενον,
626 2760 661 2827 id
678 2773 747 2840 est,
769 2758 935 2833 adiacens
951 2775 986 2831 et
1003 2786 1067 2832 ceu
1084 2763 1181 2832 iuxta
1197 2763 1355 2855 positum

366 2863 417 2944 ei,
444 2865 542 2955 quod
560 2863 707 2944 transit,
732 2861 880 2944 dicisum
902 2857 1106 2959 Ἀόριστον,
1131 2864 1356 2955 praeteriisse

365 2965 511 3058 quidem
529 2988 619 3044 rem,
645 2967 706 3032 sed
723 2965 919 3050 indefinite,
946 2989 1034 3034 num
1053 2967 1158 3047 olim,
1184 2991 1231 3035 an
1245 2968 1355 3035 modo

364 3065 602 3158 praeterierit.
637 3065 687 3134 Ut
701 3090 782 3135 cum
801 3067 883 3139 dico
896 3063 1074 3143 πέπτωκα
1086 3068 1210 3153 cecidi,
1234 3068 1355 3138 indico

365 3162 524 3261 primum
541 3192 614 3236 ‘me
641 3168 713 3236 iam
748 3169 926 3244 cecidisse.
987 3169 1077 3240 Cum
1112 3195 1198 3243 vero
1225 3168 1357 3244 ἔπεσον

365 3270 467 3355 dico,
494 3271 592 3363 quod
608 3262 784 3366 ἀόριστον
802 3286 873 3358 est,
907 3273 1073 3345 cecidisse
1098 3299 1156 3343 me
1181 3274 1356 3367 significo,

364 3375 427 3446 sed
446 3374 634 3464 ambiguus
659 3388 730 3457 est,
756 3400 913 3468 quocum
932 3377 1086 3471 loquor,
1113 3377 1199 3448 olim
1216 3402 1282 3461 ue,
1309 3400 1355 3446 an

363 3501 481 3569 nuper
505 3476 705 3547 ceciderim.
757 3475 860 3569 Quae
881 3478 1033 3570 duplicis
1054 3480 1240 3572 praeteriti
1261 3479 1355 3548 ratio

366 3582 422 3650 vel
437 3575 507 3650 hoc
523 3581 700 3675 probatur
718 3574 828 3664 mihi,
862 3583 961 3677 quod
976 3595 1076 3654 actus
1093 3583 1184 3655 alios
1198 3605 1356 3674 paraest-

365 3693 494 3764 meno‚
526 3682 616 3754 alios
651 3679 785 3751 aoristo
818 3684 1076 3776 significantius
1111 3684 1356 3778 exprimimus.

364 3777 458 3856 'l'un'
483 3779 643 3855 malebas
677 3808 928 3876 paracatmeno
952 3813 1165 3883 expressum
1189 3783 1258 3857 hoc
1281 3785 1356 3856 Ho-

363 3891 456 3974 meri
472 3881 532 3989 [ll.
548 3885 574 3971 l,
589 3883 690 3986 96.]:
724 3886 880 3962 Todrsx'
898 3886 964 3987 ἄρ’
983 3888 1085 3989 ἄλγε’
1102 3885 1242 3964 ἔδωκεν
1254 3883 1356 3982 Ἑκη-

362 3987 492 4092 βόλος,
526 3986 591 4086 ἠδ’
615 3983 668 4064 ότι
689 3982 823 4083 δώσει,
853 3992 976 4076 idest,
1004 3989 1172 4065 Phoebus
1195 3993 1242 4063 ob
1266 3987 1357 4061 haec

364 4096 459 4166 mala
482 4096 594 4164 multa
614 4093 731 4178 dedit,
758 4107 866 4187 atque
882 4097 1029 4189 insuper
1044 4098 1163 4167 addet.
1216 4094 1356 4165 Conve-

363 4197 417 4267 nit
432 4192 547 4270 ἔδωκε
569 4196 794 4265 indefinitum
812 4221 908 4281 esse,
934 4200 1018 4293 quia
1033 4212 1067 4267 et
1085 4198 1171 4267 olim
1188 4210 1225 4266 et
1239 4218 1356 4289 nuper

363 4301 521 4372 Graecos
535 4299 666 4392 Apollo
685 4298 831 4370 adflixit.
884 4301 945 4371 Nil
959 4303 1115 4371 addebat
1135 4300 1280 4370 definita
1297 4322 1356 4367 ra·

362 4403 414 4489 tio
436 4402 628 4495 temporis,
660 4415 695 4471 et
714 4398 798 4480 huic
819 4405 1016 4474 sententiae
1041 4401 1100 4502 [ll.
1115 4400 1175 4487 lx,
1192 4402 1267 4494 109
1281 4395 1355 4497 sq.]

269 4586 274 4590 ,
363 4501 412 4580 οὐ
432 4501 474 4579 δὲ
498 4511 554 4602 uqi
578 4502 802 4604 μεγαλήτορι
826 4505 946 4601 θυμῷ
966 4508 1083 4593 εἴξας,
1111 4507 1149 4576 id
1176 4518 1245 4589 est,
1273 4528 1355 4573 cum

363 4622 403 4695 tn
442 4608 633 4700 impotenti
671 4607 798 4676 animo
840 4631 881 4676 ac
917 4608 1033 4679 furori
1068 4622 1131 4678 tuo
1166 4608 1355 4699 paruisses.

362 4712 455 4784 Nam
484 4712 516 4784 si
543 4712 660 4792 lubet,
701 4735 780 4780 cum
806 4734 972 4803 pareres,
1012 4711 1236 4781 indefinitum
1272 4732 1355 4801 par·

362 4813 524 4909 ticipium
557 4818 653 4899 εἴξας
685 4815 866 4908 exponite.
926 4815 975 4883 At
1008 4813 1186 4885 referebat
1215 4825 1354 4904 tempo·

362 4920 412 4990 ris
433 4907 562 4991 modus
583 4916 652 4987 hoc
673 4918 775 5004 loco,
813 4914 920 5017 [ibid.
949 4943 1000 4987 vs.
1014 4897 1097 5014 ld]
1124 4911 1207 5003 ἷζον
1231 4910 1269 4987 δ’
1299 4914 1381 5002 alr}

1379 4631 1550 4713 'Latino

1378 4744 1640 4838 :praeteritum
1656 4742 1849 4825 Latinum,
1884 4736 1953 4812 hoc
1975 4754 2047 4825 est,
2080 4739 2394 4811 indiscriminatim

2355 619 2409 695 8⁴

1413 786 1600 870 adiiciam,
1622 811 1695 880 quo
1712 787 1845 870 sciant,
1871 789 1958 880 quid
1973 787 2069 857 inter
2077 785 2207 856 Latina
2223 803 2259 858 et
2268 788 2408 861 Graeca

1413 889 1764 981 temporaxintersit.
1837 887 1894 959 Sic
1929 889 2005 959 ille:
2045 889 2237 961 Sciendum
2271 905 2408 979 tamen,

1413 996 1513 1086 quod
1535 990 1694 1061 Romani
1714 992 1909 1083 praeterito
1936 995 2094 1084 perfecto
2117 1016 2194 1062 non
2223 995 2340 1065 solum
2367 996 2409 1065 in

1412 1119 1452 1164 re
1467 1095 1655 1187 completa
1680 1096 1790 1162 modo
1812 1106 1982 1180 utuntur,
2022 1097 2061 1163 in
2093 1120 2167 1191 quo
2197 1097 2269 1165 vim
2295 1094 2407 1169 habet

1414 1195 1509 1280 eius,
1536 1198 1633 1291 quod
1657 1199 1751 1287 apud
1767 1196 1924 1266 Graecos
1948 1194 2220 1293 παρακείμενος
2242 1214 2408 1285 vocatur,

1414 1323 1521 1393 quem
1532 1298 1642 1369 Stoici
1657 1295 1795 1374 τέλειον
1809 1298 1993 1372 ἐνεστῶτα
2006 1302 2302 1373 nominaverunt.
2335 1302 2407 1372 Sed

1414 1402 1522 1471 etiam
1543 1425 1610 1493 pro
1628 1396 1793 1497 ἀορίστῳ
1805 1401 1998 1492 accipitur,
2032 1404 2131 1497 quod
2150 1414 2291 1494 tempus
2309 1407 2407 1496 apud

1413 1503 1572 1574 Graecos
1598 1517 1673 1572 tam
1699 1507 1809 1573 modo
1833 1505 2026 1595 perfectam
2052 1529 2263 1598 remquam
2289 1507 2405 1576 multo

1414 1617 1495 1675 ante
1510 1605 1710 1697 significare
1727 1618 1856 1697 potest.
1907 1604 1957 1677 Et
1970 1608 2062 1678 sicut
2083 1609 2181 1698 apud
2203 1607 2284 1678 illos
2304 1608 2406 1679 inde·

1411 1708 1553 1776 finitum
1570 1720 1711 1799 tempus
1728 1708 1929 1778 adiectione
1948 1713 2018 1782 τοῦ
2033 1707 2118 1805 ἄρτι
2133 1709 2320 1793 adverbii,
2335 1706 2407 1784 τόν

1412 1806 1706 1905 παρακειζαονον,
1733 1811 1863 1892 idest,
1898 1811 2063 1882 adiacens
2087 1824 2249 1904 tempus,
2282 1824 2317 1881 et
2341 1814 2406 1880 ad-

1411 1912 1564 1981 iectione
1586 1916 1655 1984 τοῦ
1679 1909 1794 1984 πάλαι
1814 1907 1882 1985 τὸν
1903 1909 2237 2009 ὖπερσυντολικόν,
2276 1913 2313 1982 id
2340 1927 2405 1999 est,

1410 2014 1800 2108 plusquamperfectum
1817 2016 1942 2084 refert:
1965 2017 2014 2087 sic
2029 2019 2124 2108 apud
2139 2040 2207 2087 nos
2220 2011 2291 2086 hoc
2306 2016 2403 2085 idem

1411 2129 1464 2187 est
1477 2117 1712 2208 praeteritum
1732 2118 1947 2207 perfeetum
1978 2132 2097 2211 potest
2120 2119 2216 2188 enim
2237 2131 2273 2187 et
2292 2118 2404 2187 modo

1411 2230 1445 2289 et
1460 2220 1575 2289 multo
1592 2231 1676 2288 ante
1692 2220 1845 2310 intelligi
1860 2221 2071 2311 perfectum.
2120 2219 2165 2290 St
2180 2222 2278 2314 apud
2293 2231 2405 2288 ¹auto-

1410 2345 1467 2391 res
1498 2317 1771 2413 hoc·exemplis
1803 2323 2037 2412 adprobatur.
2103 2321 2273 2393 Evander
2303 2319 2405 2393 enim

1410 2425 1505 2514 apud
1530 2423 1721 2514 Virgilium
1746 2427 1784 2494 in
1809 2422 1902 2497 Vlll.
1928 2422 2127 2524 [Aeneidos
2149 2452 2218 2500 vss.
2236 2421 2312 2496 340
2327 2416 2403 2518 sq.]

1409 2527 1453 2594 de
1468 2538 1679 2599 matresua:

1614 2645 1722 2697 cecinit
1739 2657 1810 2709 quaa
1824 2646 1915 2710 punc
1929 2646 2040 2697 tuturos

1511 2732 1658 2782 Aeneadas
1676 2741 1810 2794 magnos,
1830 2731 1859 2779 et
1875 2729 1968 2780 notite
1984 2729 2167 2779 Pallanteum.

1409 2817 1547 2887 Cecinit
1568 2818 1672 2898 dicit,
1707 2840 1773 2906 pro
1796 2816 1984 2884 cecinerat.
2050 2815 2167 2884 Multo
2197 2811 2293 2883 enim
2318 2825 2403 2882 ante

1408 2920 1507 2988 illam
1540 2917 1705 2988 cecinisse
1735 2915 1913 3008 intelligit.
1981 2914 2029 2987 Et
2058 2917 2134 3008 ipse
2160 2927 2265 3006 poeta
2292 2935 2401 2984 esua

1408 3045 1561 3113 persona
1587 3016 1786 3118 [Aeneidos
1800 3015 1827 3101 l,
1847 3020 1865 3087 1
1883 3014 1976 3115 sq.]:

1613 3134 1712 3185 Tretos
1730 3133 1776 3199 qut
1794 3132 1900 3196 prlnus
1916 3135 1951 3185 ιο
1969 3131 2027 3184 oris

1509 3218 1618 3270 ltaltsn
1635 3218 1693 3269 lato
1710 3217 1864 3283 profugus,
1881 3216 2045 3280 Lavinaque
2061 3214 2146 3266 vante

1407 3307 1516 3377 Venit
1532 3318 1772 3399 provenerat.
1825 3303 1891 3373 llic
1907 3306 2002 3375 enim
2022 3327 2167 3398 quoque
2183 3301 2398 3372 multuante

1407 3409 1574 3502 intelligit
1590 3408 1728 3479 venisse
1743 3408 1905 3478 Aeneam
1928 3407 1966 3475 in
1983 3404 2137 3477 ltaliam.
2194 3403 2293 3497 Ergo
2314 3429 2399 3497 pro-

1407 3512 1485 3607 prie
1517 3513 1548 3583 si
1576 3511 1656 3606 quis
1689 3508 1953 3601 contempletur
1977 3510 2051 3577 vim
2075 3508 2280 3599 praeteriti,
2323 3529 2400 3576 nun

1408 3615 1516 3685 aliam
1534 3605 1828 3705 significationem
1845 3611 2019 3693 iudicabit
2035 3606 2104 3681 hoc
2121 3606 2266 3695 habere,
2288 3631 2398 3706 quam

1408 3718 1517 3802 illud,
1541 3719 1639 3812 quod
1657 3718 1754 3809 apud
1770 3713 1929 3785 Graecos
1945 3710 2122 3810 ἀόριστον
2138 3725 2280 3783 vocant.
2321 3711 2401 3812 flue

1409 3833 1527 3893 autem
1546 3820 1702 3889 differta
1719 3817 2089 3913 plusquamperfecto,
2117 3815 2320 3910 quodillud
2333 3839 2402 3910 per

1408 3948 1444 3997 se
1460 3923 1639 4017 prolatum
1659 3945 1734 3991 non
1750 3934 1828 4013 eget
1844 3917 2015 3990 adverbio
2032 3916 2194 4010 pridem,
2221 3907 2318 4015 quod
2333 3913 2400 3987 ha-

1407 4025 1522 4097 hetin
1548 4049 1585 4095 se
1611 4024 1844 4106 naturaliter,
1878 4022 1949 4094 nisi
1974 4021 2125 4094 velimus
2150 4022 2400 4114 explanandae

1408 4126 1619 4224 quantitatis
1635 4107 1808 4218 tempoiis
1823 4148 1928 4197 causa
1946 4107 2077 4194 addele
2100 4138 2183 4195 ante
2209 4137 2299 4219 quot
2321 4123 2399 4195 dies

1408 4233 1465 4301 vel
1479 4253 1606 4300 annos.
1658 4230 1733 4300 Nec
1749 4229 1834 4297 licet
1848 4228 1900 4296 illi
1917 4229 2026 4297 modo
2052 4227 2109 4296 vel
2131 4251 2247 4319 nuper
2269 4228 2399 4296 adver·

1407 4335 1465 4403 bia
1490 4333 1695 4422 adiungere.
1754 4331 1994 4402 Praeteritum
2019 4345 2106 4400 vero
2128 4329 2322 4422 perfeetum
2349 4332 2399 4397 ad

1409 4435 1705 4514 manifestandam
1739 4433 2035 4525 significationem
2071 4445 2149 4524 eget
2190 4431 2300 4501 modo
2340 4433 2398 4499 vel

1407 4538 1545 4630 pridem
1563 4529 1752 4610 adverbiis.
1802 4533 1901 4605 ilaec
1917 4537 2122 4608 Priscianus
2136 4535 2179 4605 de
2199 4532 2397 4625 praeterito

1623 4639 1733 4709 Vides
1756 4633 1938 4735 ’ἀόριστον
1967 4641 2004 4708 id
2034 4635 2253 4731 significare,
2298 4637 2396 4732 quod

1407 4849 1462 4931 id,
1517 4848 1614 4940 quod
1646 4848 1755 4916 modo
1782 4845 1941 4925 transiit;
1993 4840 2270 4944 παρακείμενον
2308 4865 2395 4910 vero

1406 4962 1503 5020 certo
1518 4948 1577 5032 id,
1604 4950 1701 5043 quod
1717 4950 1834 5019 modo
1846 4946 2043 5040 praeteriit.
2096 4946 2286 5017 Caeterum
2303 4946 2397 5013 duos

361 5019 482 5124 &fleti
514 5015 710 5118 mlll‘llff’
754 5048 835 5092 ‘⁰¹¹¹
868 5018 1085 5111 significaret
1117 5028 1223 5110 Ρ08ῐὸ
1255 5039 1352 5086 ¹¹⁰v⁰
1377 5032 1381 5084 ¹
1406 5053 1559 5124 aoristos
1574 5051 1676 5144 copia
1692 5052 1786 5123 fecit.
1822 5052 1913 5123 Nam
1930 5051 2025 5120 idem
2042 5062 2192 5144 uterque
2208 5046 2396 5140 significat.

361 5129 457 5200 malo
481 5129 552 5197 iam
577 5126 809 5197 labefactatos
829 5122 1034 5216 principum
1051 5120 1204 5191 animos.
1256 5116 1354 5188 Lon·
1377 5143 1380 5222 Ξ

361 5234 765 5328 giusforsanimmoror
783 5224 866 5297 huic
881 5225 1135 5318 disputationi,
1170 5248 1279 5319 quam
1302 5225 1354 5293 fe·
1376 5241 1380 5350 ι
1405 5273 1543 5345 Latinis
1561 5273 1753 5364 significat,
1778 5269 1887 5365 λέξω,
1914 5271 2045 5343 ἀίω.
2078 5270 2178 5339 Duo,
2192 5265 2397 5363 μρχχοντας

361 5352 420 5408 rat
442 5335 486 5412 τό
511 5325 822 5430 αὐτοσχεδιάζειν.
886 5330 957 5398 Sed
981 5330 1097 5399 visum
1122 5341 1173 5400 est
1193 5327 1352 5420 pretium

362 5465 515 5535 operae,
540 5441 578 5508 id
595 5439 692 5531 quod
710 5433 804 5517 scio,
837 5427 893 5501 his
913 5456 1176 5528 nonnunquam
1193 5428 1353 5523 labyrin.
1377 5451 1379 5512 3

361 5542 432 5616 this
455 5556 658 5634 temporum
676 5538 897 5609 Graecorum
915 5560 1047 5628 pueros
1063 5534 1223 5619 turbari,
1249 5555 1353 5624 prae·

361 5648 483 5724 sertim
499 5671 538 5715 re
554 5643 694 5715 Latinis
710 5641 844 5735 ignota.
903 5634 1027 5731 ltaque
1041 5636 1219 5746 Prisciani
1244 5636 1352 5705 verba

362 5789 564 5801 .--—--—-

398 5845 458 5914 tot)
475 5803 602 5914 tenpore
614 5870 649 5885 -
659 5845 784 5912 gaulus]
803 5843 871 5895 heco
887 5842 917 5896 lu
929 5842 1015 5896 ruse
1030 5840 1223 5893 tau-tut.
1241 5837 1352 5892 suunt
1376 5834 1380 5858 ⁵

1507 5166 1670 5243 Μέλλων
1679 5161 1835 5266 χρόνος,
1860 5168 2036 5239 Futurum
2055 5179 2213 5258 tempus,
2239 5164 2276 5233 id
2294 5166 2396 5257 quod

1405 5377 1509 5472 copia
1525 5376 1618 5447 lecit.
1671 5372 1769 5444 ldem
1785 5388 1936 5469 uterque
1952 5375 2137 5466 significat.

1506 5495 1571 5566 Est
1602 5506 1719 5564 autem
1745 5493 1871 5566 Atticis
1903 5507 1939 5564 et
1964 5489 2049 5590 μετ’
2077 5487 2206 5593 ὀλίγον
2235 5485 2395 5585 μέλλων,

1405 5598 1491 5719 Alos
1508 5600 1689 5680 futurum,
1716 5599 1813 5690 quod
1829 5593 1950 5665 Latini
1965 5596 2228 5688 propemodum
2245 5591 2295 5662 sic
2313 5591 2396 5658 red-

1404 5705 1556 5772 dimusz·>
1574 5698 1723 5784 Vicero,
1758 5699 1893 5771 dumis
1917 5725 1956 5772 se
1980 5698 2156 5791 expediat.
2208 5694 2299 5765 Vide
2314 5693 2396 5764 Pri-

1404 5803 1563 5875 scianum
1581 5816 1616 5874 et
1631 5801 1821 5875 Erasmum
1836 5806 1874 5872 in
1891 5804 1992 5896 copia
2008 5802 2216 5871 verborum.
