5534 6700
945 580 1070 657 nnn..
1103 581 1217 656 MEL.
1250 580 1454 655 SCRIPTA
1487 581 1827 659 PHILOLOGICA.

768 754 801 819 V
818 779 837 823 a
853 779 872 823 r
889 755 902 823 i
918 762 963 826 a.

468 877 524 947 Ab
539 875 650 970 ὑμνιῦ
665 898 834 966 praesens
850 876 1079 967 participium
1097 886 1150 945 est

366 994 536 1090 ὑῦμνιῦν
637 992 852 1090 ὑμνοῦντος
903 995 1050 1088 quintae
1068 994 1195 1063 decliu.
1212 993 1330 1086 simpl.

364 1092 579 1196 ἥὺμνοῦσα
636 1093 829 1191 ὑμνούσης
900 1098 1075 1166 secundae
1091 1095 1244 1186 simplic.

363 1197 409 1276 τὸ
426 1198 575 1296 ὑμνοῦν
637 1196 849 1293 ὑμνοῦντος
899 1199 1046 1292 quintae
1065 1198 1218 1288 simplic.

465 1317 562 1388 lnlra
582 1316 836 1407 formationem
862 1317 993 1400 disces,
1034 1312 1093 1385 hic
1116 1328 1151 1386 te
1175 1319 1354 1385 admoneo

363 1421 504 1517 generis
533 1445 573 1488 ac
601 1418 871 1502 declinationis,
912 1444 1004 1514 quae
1038 1444 1118 1488 curn
1148 1416 1356 1492 nominibus

362 1514 550 1620 participia
567 1520 773 1593 communia
789 1516 938 1592 habent.
990 1520 1088 1613 Ergo
1111 1522 1156 1590 ab
1179 1516 1356 1613 ὑμνοῦσα

361 1630 509 1700 loomin.
531 1625 660 1717 singul.
685 1635 737 1693 est
763 1617 953 1716 ὑμνοῦσαι
981 1622 1130 1716 pluralis
1160 1622 1355 1694 nominati-

362 1756 450 1814 vus,
498 1742 533 1798 et
568 1752 635 1819 pro
668 1721 843 1817 ὑμνοῦσα
875 1720 1048 1816 ὑμνοῦσα
1081 1724 1255 1796 Doricum
1292 1738 1355 1797 est.

361 1832 535 1924 Exempla
565 1830 604 1897 in
634 1839 806 1920 promptu
835 1840 919 1896 sunt
947 1824 1182 1898 Theocritum
1211 1829 1354 1918 legenti.

361 1934 396 2007 la
425 1935 462 2005 iu
492 1931 648 2026 paedicis
678 1927 796 2022 (cuius
830 1930 999 2000 carminis
1029 1944 1082 2002 est
1107 1927 1177 2001 hoc
1209 1930 1353 2001 initium

366 2032 500 2126 Οἶνος,
534 2027 673 2130 cispite
701 2033 788 2117 noi,
822 2029 987 2130 λέγεται,
1018 2030 1083 2107 καὶ
1106 2024 1271 2120 aedera,
1316 2033 1352 2102 id

363 2154 436 2222 est,
461 2141 497 2206 in
517 2138 602 2204 vino
630 2135 777 2228 veritas)
806 2134 857 2204 sic
881 2135 1018 2230 inquit:
1050 2131 1119 2209 τὸν
1142 2138 1288 2231 πρᾶτον
1311 2130 1354 2210 ‹ir'

362 2247 543 2339 φιλοῦντα
558 2234 726 2335 τρίταιον
743 2235 903 2331 ἔθηκας,
935 2262 1002 2330 pro
1020 2241 1214 2334 φιλοῦντα.
1267 2238 1354 2308 Cae-

363 2356 480 2413 terum
500 2338 655 2435 hymnus
671 2340 818 2431 proprie
836 2339 997 2410 Deorum
1015 2339 1094 2410 laus
1111 2352 1174 2411 est.

467 2459 651 2558 Τέρπουσι
677 2459 874 2543 delectant,
911 2459 1067 2529 'activum
1092 2459 1229 2550 plurale
1251 2483 1355 2550 prae·

363 2589 465 2647 sens,
498 2577 539 2634 nt
563 2555 746 2635 τύπτουσι
768 2561 866 2631 acuit
889 2561 1209 2654 antepenultimam
1232 2585 1275 2630 ex
1299 2586 1354 2630 re-

364 2669 465 2759 gula:
491 2663 533 2734 ln
547 2664 765 2757 polysyllaba
789 2663 915 2732 ultima
938 2663 1040 2734 brevi
1064 2677 1130 2734 etc.
1155 2675 1280 2735 acutus
1303 2677 1355 2735 est

365 2768 404 2839 in
421 2767 725 2858 antepenultima,
751 2765 832 2834 vide
850 2790 970 2858 supra.

466 2883 607 2985 Μέγαν
624 2881 854 2977 ἑτερόκλιτον
875 2899 938 2957 est.
990 2881 1012 2958 ὑ
1033 2882 1173 3012 μέγας,
1198 2893 1268 2960 τοῦ
1288 2913 1355 2982 με·

362 2987 484 3091 γάλου
508 3013 527 3056 a
554 2983 735 3084 μεγάλος,
769 2989 825 3081 aqi
844 2984 1017 3085 μεγάλῳ,
1051 3014 1120 3061 τον
1142 2985 1283 3088 μέγαν,
1322 2980 1354 3062 ol

285 3135 288 3140 ·
363 3089 475 3190 μέγα.
526 3089 700 3181 Reliquos
719 3111 853 3158 casusa
870 3083 1031 3187 paepoiloc
1053 3092 1182 3161 lorma.
1234 3091 1293 3161 Sic
1319 3104 1355 3161 et

363 3206 480 3263 toturn
498 3185 776 3284 foemininumai
797 3187 959 3288 μεγάλη,
992 3194 1056 3286 τῆς
1079 3191 1254 3291 μεγάλης.
1312 3191 1354 3263 ln

363 3307 496 3366 neutro
512 3295 578 3365 sic:
611 3290 655 3366 τὸ
675 3289 794 3390 μέγα,
820 3296 894 3418 τοῦ,
907 3286 1096 3394 μεγάλου,
1118 3301 1174 3420 aqi
1187 3292 1355 3423 μεγάλην,

362 3395 407 3472 τὸ
422 3395 532 3496 μέγα.
583 3396 728 3465 Plurale
750 3420 770 3462 a
794 3400 961 3493 μεγαλον
984 3410 1077 3489 pete.

364 3496 462 3590 ζων,
486 3496 660 3598 μέγιστος
678 3520 786 3589 supra
804 3500 1105 3590 comparavimus.

395 3713 406 3741 Ι
465 3613 568 3736 Νάον
583 3642 602 3685 a
619 3614 883 3790 νοόςίΊνοῦςἨ
901 3617 1043 3737 Quida
1065 3614 1188 3790 φρηΓν,
1211 3614 1353 3737 dende,

362 3721 631 3914 llb‘lltt‘
639 3723 1353 3915 ‘.t,‚¹.'.‘.'⁵⁰¹t.¹.}32“..¹¹'.t....¹²titt

362 3920 459 3995 lovis
475 3926 662 3994 delectant.
711 3924 842 4007 Musis‘,
868 3921 938 3994 hoc
951 3939 1024 4010 est,
1049 3925 1126 3995 veri
1140 3927 1288 3997 scientia
1308 3929 1355 3996 ad

363 4029 451 4099 deos
484 4027 754 4109 transferimur,
796 4028 875 4098 Diis
902 4029 1035 4100 similes
1063 4030 1268 4113 reddimur,
1317 4030 1351 4097 id

365 4132 463 4224 quod
480 4130 643 4223 pluribus
660 4130 698 4198 in
711 4126 858 4221 Theage
872 4129 977 4200 Plato
995 4131 1148 4201 disserit.

465 4246 569 4330 ἐντός
586 4248 694 4332 iutra,
719 4248 929 4319 adverbium
944 4249 1104 4341 genitivo
1122 4248 1354 4320 construitur.

1109 3422 1247 3497 νυνι»
1272 3424 1355 3492 μιν

2353 602 2405 679 to

1409 778 1543 838 vanus,
1569 756 1633 848 qui
1652 757 1805 828 Salacon
1818 758 1858 826 iu
1872 760 2056 849 proverbii
2077 765 2231 853 speciem
2256 769 2402 857 dicitur,

1410 870 1446 927 et
1461 860 1727 950 antenoridae,
1753 885 1888 930 vanum
1904 875 2160 933 ostentatorem
2180 894 2298 959 agere.

1510 952 1558 1029 τά
1574 955 1608 1030 τ’
1627 957 1737 1032 ἐόντα
1742 1013 1755 1047 ,
1778 957 1827 1034 τά
1845 963 2016 1036 articulus
2035 969 2153 1037 neutri
2175 973 2337 1061 generis,
2361 1002 2403 1048 τε

1409 1060 1614 1130 coniunctio
1646 1087 1737 1155 que,
1776 1059 1888 1160 idm
1910 1091 1978 1158 pro
2001 1066 2095 1141 ὄντα
2123 1071 2168 1141 ab
2191 1070 2290 1165 εἰμι’,
2332 1073 2403 1169 dv,

1408 1155 1525 1251 οὖσα,
1560 1160 1626 1254 ὄν,
1663 1167 1825 1239 existens.
1894 1169 2069 1241 Prorsurn
2103 1167 2192 1243 haec
2221 1178 2399 1248 foecunda

1408 1261 1552 1358 mythos
1569 1278 1641 1348 est,
1664 1265 1808 1351 Musae,
1834 1286 2041 1360 quaesunt,
2068 1298 2160 1366 quae
2176 1278 2341 1362 fuerunt,
2365 1294 2402 1349 et

1408 1391 1502 1459 quae
1525 1379 1677 1438 ventura
1704 1365 1917 1455 trahuntur,
1949 1371 2026 1442 lovi
2052 1392 2207 1461 canunt,
2238 1375 2309 1450 hoc
2336 1394 2401 1465 eat,

1407 1468 1533 1540 Musae
1568 1470 1729 1540 omnium
1763 1496 1886 1543 rerum
1917 1475 2157 1565 cognitionem
2191 1484 2399 1572 complexae

1407 1584 1511 1654 sunt,
1531 1583 1579 1641 ‚ut
1593 1571 1774 1642 Platonici
1788 1574 1931 1659 dieunt,
1955 1576 2185 1676 φιλοσοφίαν
2204 1578 2300 1656 εἶναι
2319 1589 2401 1660 τῶν

1407 1667 1527 1747 θύων
1542 1669 1661 1745 τεκαὶ
1674 1671 1934 1772 ἀνθρωπίνων
1948 1685 2102 1776 γνῶσιν.

1509 1772 1726 1868 ἑσσάμενος,
1750 1805 1793 1872 η,
1818 1804 1865 1851 ον
1883 1781 2058 1853 futurum.

1509 1877 1583 1971 πρό
1599 1889 1702 1963 aute,
1727 1882 1993 1954 adverbialiter.
2045 1885 2114 1955 Sed
2129 1880 2218 1956 haee
2237 1888 2336 1959 alias.

1508 2003 1646 2070 reque.
1695 1975 1825 2075 ἐόντα,
1850 1983 1954 2056 ὄντα.

1451 2197 1454 2207 Ι
1509 2112 1588 2209 (Vs.
1606 2113 1686 2210 59.)
1712 2122 1844 2211 φωνῇ,
1874 2142 1980 2204 voce,
2013 2133 2130 2192 sextus
2153 2146 2253 2194 casus
2279 2137 2348 2209 est,
2375 2151 2397 2195 a

1406 2209 1516 2311 φωνή
1533 2217 1781 2302 nominativo,
1809 2221 1870 2312 qui
1884 2222 1992 2290 finem
2011 2224 2106 2291 acuit
2127 2238 2270 2314 praeter
2292 2250 2397 2318 regu-

1405 2317 1491 2387 lam.
1542 2316 1620 2386 Etsi
1637 2321 1732 2388 enim
1753 2322 1897 2391 verbale
1913 2323 2059 2395 faciasa
2083 2323 2239 2422 φωνὲω,
2271 2340 2396 2398 tamen

1407 2442 1498 2511 quae
1513 2423 1710 2490 secundum
1735 2446 1817 2492 eum
1835 2427 1984 2496 modurn
2008 2427 2237 2513 formantur,
2263 2431 2397 2501 scilicet

1407 2542 1427 2588 a
1442 2523 1704 2612 posterioribus
1720 2525 1870 2612 futuris,
1897 2552 2105 2599 communes
2119 2531 2259 2622 regulas
2272 2555 2397 2611 accen-

1407 2633 1508 2692 tuum
1526 2638 1744 2719 sequuntur,
1770 2640 1844 2697 uta
1867 2634 1995 2720 τυπιῦ,
2021 2629 2156 2718 τύπος,
2180 2629 2306 2720 τόκος,
2331 2624 2396 2704 νά·

1404 2747 1492 2816 μος,
1521 2721 1744 2822 σφενδόνης
1762 2725 1988 2823 operatorem.
2041 2729 2168 2798 Obiter
2181 2730 2219 2798 in
2237 2745 2395 2802 mentem

1406 2826 1506 2894 venit
1522 2823 1693 2898 historiae
1709 2827 1840 2922 Gygis,
1866 2854 1973 2924 quem
1995 2854 2013 2900 e
2030 2830 2183 2900 Platone
2198 2832 2248 2903 M.
2267 2832 2395 2904 Cicero

1406 2928 1445 2996 iu
1467 2930 1612 2998 tertium
1629 2929 1839 3001 Officiorum
1868 2933 2064 3003 transtulit.
2116 2930 2224 3003 Isthic
2246 2936 2394 3026 legitur:

1406 3052 1487 3100 cnm
1512 3033 1631 3122 palam
1657 3022 1735 3103 eius
1756 3033 1882 3104 annuli
1905 3037 1951 3104 ad
1977 3036 2133 3126 palmam
2158 3050 2395 3109 converteret.

1406 3131 1536 3202 Latina
1552 3159 1621 3204 vox
1636 3135 1719 3226 pala
1733 3135 1939 3231 infrequens
1954 3150 2025 3220 est,
2052 3161 2120 3231 qua
2140 3136 2265 3208 Cicero
2283 3161 2395 3237 σφεν-

1405 3229 1543 3329 δόνην,
1592 3238 1690 3330 quod
1726 3239 1824 3330 apud
1854 3238 2044 3308 Platonem
2076 3263 2210 3310 nomen
2242 3253 2294 3312 est
2326 3262 2394 3333 pro

1406 3362 1544 3424 massa,
1580 3365 1651 3433 qua
1667 3341 1804 3411 'annuli
1827 3364 1968 3431 gemma
1992 3342 2189 3428 clauditur,
2225 3344 2395 3416 reddidit.

1407 3440 1597 3511 Caeterum
1615 3456 1649 3512 et
1663 3444 1744 3535 pala
1761 3444 1999 3515 ventilabrum
2020 3446 2210 3536 significat,
2238 3460 2273 3517 et
2294 3449 2395 3540 pala-

1406 3566 1467 3611 eae
1489 3544 1588 3627 auri,
1621 3546 1751 3629 idest,
1786 3570 1922 3617 massae
1945 3548 2130 3638 leguntur;
2172 3574 2394 3645 quamquam

1406 3642 1573 3736 palathae
1606 3648 1676 3716 dici
1707 3648 1850 3733 malim,
1891 3650 2024 3743 quippe
2048 3650 2196 3741 originis
2220 3652 2393 3736 Graecae,

1406 3748 1501 3816 unde
1527 3761 1563 3817 et
1582 3750 1737 3841 palatia,
1771 3762 1807 3820 et
1824 3752 1892 3819 alia
1917 3754 2095 3845 quaedam
2117 3754 2264 3823 nomina
2283 3752 2390 3824 luris-

1406 3873 1504 3920 cons.
1531 3847 1691 3922 trahunt.
1750 3852 1857 3945 Apud
1879 3853 2067 3923 Platonem
2093 3868 2161 3924 est:
2202 3852 2266 3929 καὶ
2288 3854 2396 3953 αὐτῷ

1406 3951 1506 4023 ούτω
1523 3950 1765 4048 συμβαίνειν,
1794 3952 1992 4052 στρέφοντι
2009 3951 2080 4048 μὲν
2096 3958 2182 4029 εἴσω
2197 3955 2266 4051 τὴν
2282 3982 2397 4055 σφεν-

1405 4049 1549 4163 ὑόνην,Ι
1580 4051 1708 4152 ἀδήλῳ
1728 4055 1950 4157 γίγνεσθαι·
1991 4054 2123 4155 ilerda*
2144 4050 2258 4157 δήλῳ.
2324 4059 2396 4130 De·

1378 4131 1381 4231 l
1406 4156 1498 4224 cline
1516 4153 1624 4252 φωνή
1640 4172 1680 4228 ut
1695 4164 1842 4253 μοῦσα,
1865 4160 1946 4228 vide
1962 4155 2202 4230 characterem
2220 4186 2341 4253 supra.

1508 4254 1712 4354 ὁμηρεῦσαι
1746 4262 1995 4354 participium,
2049 4264 2302 4346 concinentes,
2347 4266 2394 4334 ab

458 4364 654 4459 Ὀλύμπου
677 4369 838 4452 coelum,
870 4368 1066 4462 Olympum
1088 4369 1239 4439 dicimus
1261 4364 1355 4448 ὅλως
1379 4459 1381 4468 Ι
1406 4354 1556 4453 (ludolfi,
1583 4357 1785 4456 donanda.
1832 4360 2395 4464 ddunvvtlweldllddffl‘ffl),

364 4466 557 4561 λαμπράν,
591 4483 632 4539 ut
651 4483 702 4539 est
724 4482 831 4538 autor
853 4468 1005 4555 Theon,
1038 4472 1142 4541 Arati
1164 4472 1354 4562 interpres,

362 4572 495 4642 nobilis
512 4573 778 4663 grammaticus.

465 4707 543 4803 (Vs.
559 4706 639 4801 58.)
667 4710 843 4802 Ελρεῦσαι
861 4707 1089 4800 participium
1112 4730 1282 4798 praesens
1308 4707 1353 4775 ab
1377 4772 1380 4796 Ι

362 4810 472 4902 εἴρω,
496 4808 664 4901 deipara,
689 4816 759 4883 τοῦ
782 4812 946 4905 εἴροντος
971 4810 1119 4905 quintae
1142 4809 1353 4879 declinatio·
1376 4802 1380 4906 l

1378 4473 1381 4522 1
1406 4474 1579 4553 utsupra.
1631 4460 1675 4536 τὸ
1697 4461 1877 4561 ὑμηροῦν.
1931 4468 2010 4561 Qua
2035 4468 2292 4557 significatione
2314 4493 2394 4539 ver-

1256 4634 1260 4641 ,
1378 4565 1490 4638 ¹burn
1535 4560 1666 4661 ὑμηρολ
1703 4569 1836 4637 factum
1874 4569 2065 4655 existimo,
2107 4570 2152 4639 ab
2188 4564 2291 4663 ὑμῶς
2329 4567 2395 4645 καὶ

1405 4664 1428 4736 i'
1447 4692 1477 4737 ω
1493 4665 1552 4736 ⁹⁸.

1424 4692 1445 4759 ρ
1507 4668 1603 4893 (iss.
1620 4799 1669 4871 89
1686 4802 1756 4893 sq.)
1795 4805 1882 4878 Τῶν
1901 4800 1938 4877 d'
1966 4798 2162 4900 ἀκάματον
2191 4805 2263 4900 ῥέοι
2294 4801 2394 4902 αὐδὴ

362 4913 432 4983 nis.
490 4907 706 5005 ἡιῖρουσα,
741 4919 807 5005 τῆς
824 4912 1009 5008 εὑρούσης,
1047 4915 1225 4983 secundae
1246 4912 1353 4981 decli·
1375 4914 1380 5030 ρ
1405 4901 1446 4974 ἐκ
1471 4896 1670 4996 στομάτων
1693 4900 1810 4999 ἡδεῖα.
1863 4906 2037 5008 Construe
2060 4910 2127 4979 sic:
2162 4904 2270 5004 ἡδεῖα
2294 4904 2395 5004 αὐδὴ

362 5027 439 5083 nat.
490 5009 535 5086 τὸ
558 5009 680 5105 ελρον,
712 5019 781 5086 τοῦ
804 5017 987 5108 αἴροντος,
1013 5017 1161 5109 quintae
1185 5016 1351 5086 declinat.
1403 4999 1473 5098 de‘et
1495 5000 1691 5099 ἀκάματον
1711 5007 1752 5080 ἐκ
1767 5008 1965 5104 στομάτων
1986 5008 2118 5085 τῶνδε·
2177 5012 2292 5081 suave
2315 5033 2393 5129 0³1:

361 5106 410 5185 Et
441 5117 486 5183 ab
516 5117 667 5209 antiquo
697 5118 807 5184 verbo
835 5116 940 5208 elpe'w
963 5121 1003 5188 lit
1025 5120 1154 5212 ἀράν,
1185 5119 1351 5215 alpadum,
1404 5130 1487 5175 men
1513 5105 1593 5177 fluit
1623 5110 1795 5182 indelesse
1828 5138 1870 5182 ex
1893 5138 1955 5183 ore
1980 5114 2137 5186 illarum.
2205 5111 2267 5179 Dii
2292 5112 2395 5197 bour,

362 5220 501 5307 ελρσῦν.
560 5220 617 5289 Ab
646 5218 818 5313 ελροῦσα,
850 5220 1061 5319 doenum
1085 5221 1226 5292 Dorice.
1294 5224 1350 5293 Ab
1403 5234 1512 5303 quam
1529 5225 1677 5283 venuste
1694 5215 1827 5284 dictum
1844 5230 1896 5286 est
1910 5214 2021 5286 fluere
2038 5239 2203 5298 carmen,
2240 5213 2394 5285 etinde-

361 5320 516 5416 domest
533 5322 644 5412 εἴρων
660 5323 924 5407 dissimulator,
950 5321 1033 5395 hinc
1056 5318 1264 5416 εζρωγεύεγγ
1280 5325 1351 5397 dis.
1402 5313 1503 5386 lesse·
1555 5314 1639 5387 Sola
1656 5317 1751 5385 enlm
1769 5341 1809 5384 eii
1828 5318 1963 5409 ingenii
1980 5315 2130 5390 humani
2145 5317 2282 5389 lunello
2300 5317 2394 5409 Opil·

360 5424 553 5507 sirnulare,
578 5424 820 5507 Socraticum,
847 5424 1064 5519 ελολρωνεία
1081 5428 1217 5512 ironia,
1249 5429 1351 5500 dissi·

362 5526 526 5596 mulatio.
580 5527 716 5597 Contra
742 5523 891 5617 attritur
914 5532 1123 5615 simulator,
1151 5545 1350 5603 ostentator
1434 5568 1705 5694 „qsspmnqml
1728 5572 1869 5693 qtc‘ndttt.
1889 5578 1981 5644 qm,
2008 5580 2101 5645 tm,
2131 5579 2224 5642 Μ,
2260 5577 2392 5629 ,nm

1540 5655 1625 5704 ‚sqq
1662 5655 1753 5695 esua.

1432 5728 1485 5849 sep
1501 5725 1570 5794 τρο]
1594 5726 1636 5777 se
1659 5729 1745 5783 aeta.
1766 5730 1858 5797 tata„
1886 5733 2054 5797 taceam,
2091 5732 2177 5783 natet.
2193 5733 2287 5798 rese„
2314 5734 2392 5785 raet.

1483 5812 1543 5864 eor.
1702 5857 1704 5861 .

357 5783 361 5788 '
395 5798 445 5858 ss)
462 5795 586 5865 ιιριοσι]
607 5798 635 5847 m
652 5797 738 5874 nuta.
754 5798 845 5860 esra,
866 5799 943 5851 isat.
960 5798 1086 5850 acarna:
1110 5799 1141 5848 ut
1158 5790 1295 5862 ομνεοσα.
