5534 6700
257 619 334 700 ild
773 615 849 691 vlt
899 611 1266 692 conrssantanla
1291 609 1606 689 maculent
1629 600 1794 683 nario.
2212 605 2292 687 tat·

257 797 307 873 ris
321 792 528 888 Tarquinii,
556 814 716 874 accuses,
742 814 834 885 quae
849 789 997 861 minime
1012 787 1181 860 muliebri
1194 785 1249 856 in·
1300 783 1417 857 Nemo
1431 781 1595 878 queritur
1609 781 1754 874 Syrum,
1767 778 1888 853 nescio
1902 803 2022 874 quem,
2040 780 2085 849 de
2099 802 2204 870 grege
2220 805 2287 849 uo·

257 897 364 991 genio
382 909 419 968 et
431 908 509 966 arte
524 917 676 986 regnum
690 893 881 965 affectavit.
1301 885 1472 957 vitiorum
1491 885 1624 955 lactum
1647 906 1722 956 csse
1740 881 1957 955 Consulem?
2005 881 2092 955 Non
2105 880 2202 951 enim
2221 905 2290 953 nos

678 1059 826 1132 teto·
1300 985 2290 1179 {titllitzlllsll{attitulati}

358 1199 416 1271 ab
456 1209 573 1269 aetate
607 1208 879 1288 argumentatur
912 1193 1037 1277 Mitio,
1078 1215 1248 1265 excusans
1300 1114 1418 1265 vultis
1441 1190 1596 1285 denique
1619 1203 1735 1274 totus,
1767 1190 1832 1284 qui
1852 1212 1971 1263 sermo
1992 1187 2140 1283 quidam
2161 1187 2290 1260 tacitus

258 1299 494 1376 adulescentis
515 1296 698 1371 delictum.
1299 1294 1429 1366 mentis
1451 1308 1522 1376 est,
1548 1289 1605 1361 hic
1628 1293 1665 1362 in
1684 1317 1842 1363 errorem
1863 1287 2028 1364 homines
2043 1288 2205 1383 impulit,
2230 1285 2292 1361 hic

1299 1418 1380 1480 ens,
1406 1395 1536 1491 quibus
1551 1407 1628 1465 erat
1644 1396 1803 1485 ignotus,
1829 1394 1987 1485 decepit,
2008 1394 2151 1475 fefellit,
2176 1388 2235 1462 hic
2250 1391 2290 1461 in

1015 1583 1022 1596 ἱ
1299 1499 1462 1570 fraudem
1487 1496 1638 1575 induxit.
1704 1494 1797 1565 llinc
1821 1508 2072 1587 argumentum
2093 1517 2204 1589 queas
2228 1518 2288 1586 pe·

362 1605 459 1675 llaec
474 1604 562 1676 alias
577 1602 797 1695 corrumpit,
824 1602 911 1673 alias
926 1601 1073 1671 adiuvat
1088 1612 1123 1668 et
1142 1622 1249 1668 esco-
1299 1614 1395 1686 tere,
1419 1601 1451 1673 si
1464 1599 1601 1671 Valerii
1615 1598 1765 1670 Corvini
1779 1599 2050 1671 describendum
2072 1596 2209 1669 facinus
2230 1596 2289 1680 sit,

258 1708 301 1779 lit
313 1707 476 1800 ingenia,
501 1719 537 1777 et
552 1711 597 1777 ad
612 1706 856 1776 immutandos
870 1702 1012 1774 animos
1026 1697 1247 1772 nihileffica-
1299 1704 1362 1798 qui
1387 1716 1489 1776 vasto
1514 1716 1550 1774 et
1573 1701 1727 1772 immani
1749 1726 1901 1794 corpore
1923 1701 2068 1773 Gallum
2094 1699 2290 1796 quendam,

257 1811 335 1882 cius
355 1835 398 1882 ea
418 1833 493 1882 esse
515 1808 637 1880 multis
658 1819 881 1898 compertum
905 1818 959 1876 est
981 1803 1162 1896 exemplis.-
1215 1802 1249 1872 Α
1298 1806 1417 1899 impar
1438 1805 1515 1899 ipse
1537 1804 1673 1878 viribus
1698 1817 1734 1876 et
1755 1800 1882 1876 habitu
1901 1805 2082 1896 corporis,
2113 1800 2291 1894 singulari

259 1909 503 2006 disciplina⁸⁸)
522 1910 574 1983 Μ
591 1909 717 1982 Cicero
733 1919 1006 2000 argumentatur
1022 1930 1090 2000 pro
1105 1904 1147 1977 L.
1166 1905 1247 1976 Mu·
1299 1909 1495 1981 certamine
1515 1907 1611 1980 vicit.

258 2038 367 2099 rena,
392 2015 432 2083 in
454 2012 507 2087 M.
525 2011 679 2084 Catone:
722 2008 880 2096 ludices,
899 2006 988 2081 haec
1011 2011 1130 2091 bona,
1153 2030 1254 2102 quae.

259 2117 420 2188 videmus
435 2114 559 2185 divina
576 2127 611 2184 et
623 2114 783 2205 egregie,
809 2113 921 2206 ipsius
934 2112 1059 2184 scitote
1074 2134 1149 2183 esse
1164 2133 1248 2203 prn-

258 2218 358 2311 μὴ,
398 2241 490 2312 qffle
516 2240 779 2312 nonnunquam
813 2214 1051 2311 ηᾳῃὴὶῐῃω,
1093 2237 1142 2282 ea,
1163 2198 1248 2284 gufit
1399 2199 1433 2268 Α
1455 2199 1600 2269 lotluna
1623 2211 1936 2290 argumentamur,
1973 2224 2084 2294 quom
2109 2202 2154 2270 de
2179 2200 2290 2271 80er-

259 2320 384 2390 omnia
403 2343 480 2390 „on
501 2343 523 2389 a
546 2331 699 2400 aarum,
734 2341 859 2388 verum
882 2341 904 2386 2
928 2317 1113 2408 magiam,
1163 2313 1250 2386 Fuit
1298 2311 1393 2383 tute,
1426 2300 1611 2383 libertate,
1643 2295 1842 2373 bonoribus
1866 2301 2022 2393 agimus,
2062 2303 2182 2397 qualia
2205 2316 2291 2374 sunt

259 2421 356 2494 enim
374 2421 522 2516 φήῃ
537 2445 680 2492 ,ummo
696 2419 842 2511 ingenio
860 2418 917 2488 vi,
931 2419 1051 2503 zeno,
1078 2417 1178 2488 cuin,
1193 2417 1248 2504 ῑῃ.
1299 2401 1411 2472 multa
1445 2402 1484 2471 in
1510 2401 1755 2475 Ciceronianis
1790 2405 2036 2488 orationibus,
2073 2429 2153 2476 cum
2189 2402 2301 2488 alibi,

259 2536 451 2594 ventorum
472 2522 605 2594 aemuli
622 2522 734 2595 Stoici
755 2520 1010 2606 nominantur,
1040 2516 1148 2592 buius
1169 2542 1248 2590 sen·
1299 2516 1374 2575 ⁸⁰¹⁰
1398 2526 1466 2596 ΡΝ
1487 2503 1673 2578 Dimm-

258 2626 392 2696 tentiae
413 2637 556 2698 suntet
580 2636 769 2718 praecepta
794 2623 983 2696 eiusmodi.
1043 2619 1169 2694 Gratia
1192 2644 1248 2693 sa·

258 2728 417 2820 pientem
439 2751 626 2821 nunqnam
649 2727 806 2811 moveri,
837 2750 1022 2821 nunquam
1049 2724 1247 2817 cuiuspiam

259 2831 388 2901 delicto
417 2829 621 2921 ignoscere,
663 2830 847 2900 neminem
874 2828 1142 2900 misericordem
1174 2850 1248 2899 csse
1400 2824 1485 2898 Non
1500 2847 1629 2917 parum
1645 2828 1754 2896 refert
1770 2839 1949 2918 spectare,
1982 2828 2167 2921 quomodo
2191 2827 2289 2921 quis·

244 2931 329 3002 xnisi
348 2932 496 3004 stultum
518 2945 554 3002 et
570 2933 706 3015 levem,
732 2933 802 3002 viri
816 2954 892 3000 non
910 2955 1005 3015 esse,
1030 2955 1148 3026 neque
1165 2953 1249 3000 exo·
1299 2951 1368 3023 que
1393 2927 1540 2998 allectus
1561 2927 1618 3000 sit.
1668 2928 1762 3001 Nam
1778 2952 1821 2999 er
1834 2929 2135 3023 propensionibus
2148 2929 2289 3003 animo·

259 3033 354 3117 rari,
379 3057 497 3129 neque
521 3034 679 3126 placari,
704 3035 801 3105 solos
813 3032 992 3126 sapientes
1012 3057 1105 3117 esse,
1133 3034 1164 3105 si
1178 3033 1249 3103 dis·
1299 3054 1380 3103 rum
1406 3030 1630 3102 coniecturae
1656 3032 1851 3102 admodum
1882 3032 2086 3125 probabiles
2114 3031 2288 3123 colligum.

260 3136 445 3206 tortissimi
467 3135 560 3217 sint,
584 3138 782 3218 formosos,
807 3134 838 3206 si
859 3135 1132 3216 mendicissimi,
1157 3134 1249 3204 divi·
1300 3145 1370 3206 tur.
1421 3130 1609 3205 Eiusmodi
1634 3146 1846 3225 argumenta
1869 3147 1954 3205 sunt
1974 3147 2012 3204 et
2032 3136 2128 3226 apud
2145 3132 2289 3205 Cicero-

259 3252 324 3322 tes,
343 3237 374 3308 si
387 3237 594 3307 seruitutem
610 3238 781 3321 serviant,
803 3261 920 3328 regem
955 3250 1168 3320 nosautem,
1185 3236 1249 3330 qui
1300 3260 1381 3306 nem
1398 3259 1464 3327 pro
1481 3235 1635 3329 ¹ldilone:
1662 3235 1764 3306 Fecit
1776 3238 1901 3321 iratus,
1921 3237 2004 3307 iecit
2019 3237 2197 3320 inimicus,
2219 3237 2290 3308 suit

259 3339 437 3432 sapientes
453 3360 529 3407 non
542 3362 683 3421 sumus,
702 3336 885 3430 fugitivos,
903 3340 1041 3424 exules,
1060 3336 1249 3434 hostes”),
1300 3339 1397 3410 ultor
1410 3338 1576 3423 iniuriae,
1599 3340 1749 3430 punitor
1765 3338 1901 3411 doloris
1913 3339 2036 3435 δαίθ’).
2069 3337 2117 3410 Et
2132 3341 2178 3410 de
2192 3340 2288 3412 Aru-

259 3444 406 3513 insanos
420 3440 576 3535 denique
592 3464 665 3511 esse
682 3441 817 3514 dicunt.
867 3440 1002 3511 Omnia
1016 3455 1158 3534 peccata
1175 3465 1249 3513 esse
1299 3442 1437 3533 spicum
1457 3443 1653 3534 responsis:
1683 3443 1754 3513 Sed
1779 3455 1902 3512 tamen
1922 3442 1994 3512 mei
2008 3441 2093 3512 facti
2108 3442 2286 3512 rationem

259 3545 382 3638 paria,
415 3567 522 3611 omne
546 3544 712 3613 delictum
736 3544 849 3615 scelus
868 3567 942 3616 esse
958 3544 1157 3627 nefarium,
1182 3567 1249 3615 nec
1300 3567 1478 3636 exponere
1501 3545 1571 3616 illis
1594 3545 1698 3629 volo,
1728 3545 1792 3637 qui
1815 3540 1984 3615 hesterno
2003 3544 2061 3614 die
2083 3544 2209 3615 dolore
2228 3568 2288 3614 me

259 3646 380 3716 minus
404 3644 609 3739 delinquere
635 3670 740 3729 eum,
773 3645 837 3741 qui
850 3646 984 3737 gallum
999 3647 1248 3738 gallinaceum,
1299 3647 1454 3729 elatum,
1479 3659 1515 3715 et
1535 3648 1720 3717 iracundia
1735 3647 1877 3737 longius
1891 3670 2004 3739 prope
2020 3647 2217 3736 digressum
2230 3669 2288 3715 ar-

260 3773 340 3818 cum
365 3770 455 3840 opus
480 3770 556 3816 non
577 3747 706 3832 luerit,
732 3773 843 3843 quam
864 3750 928 3843 qui
943 3763 1082 3843 patrem
1096 3750 1248 3821 suffoca·
1272 3805 1276 3828 ‚
1298 3748 1545 3832 bitrabantnr,
1571 3773 1679 3843 quam
1692 3749 1873 3841 ¹sapientis
1890 3744 2049 3820 hominis
2063 3748 2214 3840 cogitata
2229 3763 2288 3818 ra-

259 3849 364 3920 verit.
413 3848 619 3942 Sapientem
639 3846 732 3921 nihil
754 3851 917 3944 opinari,
941 3853 1074 3924 nullius
1094 3852 1147 3922 rei
1163 3875 1248 3943 poe·
1299 3852 1351 3921 tio
1367 3850 1589 3943 postulasset.
1640 3847 1742 3923 Nihil
1755 3851 1823 3923 feci
1837 3852 1962 3937 iratus,
1987 3848 2080 3923 nihil
2096 3850 2287 3945 impotenti

260 3952 395 4035 nitere,
416 3952 515 4022 nulla
532 3952 570 4020 in
585 3976 623 4022 re
643 3952 738 4037 falli,
764 3955 977 4025 sententiam
998 3968 1139 4025 mutare
1154 3978 1247 4026 nun-
1299 3952 1442 4036 animo,
1476 3950 1566 4023 nihil
1594 3978 1668 4023 non
1698 3955 1761 4025 diu
1791 3954 2075 4039 consideratum,
2108 3979 2150 4025 ac
2173 3954 2286 4026 multo

261 4078 383 4148 qnam.
418 4052 497 4124 Hoc
515 4049 627 4123 homo
646 4056 952 4147 ingeniosissimus
970 4057 1021 4130 Μ.
1039 4060 1129 4128 Cato
1146 4070 1248 4127 auto-
1300 4068 1381 4127 ante
1407 4057 1617 4127 meditatum
1640 4070 1706 4129 etc.
1767 4056 1886 4152 Atque
1909 4053 1979 4130 buc
2002 4058 2043 4126 in
2062 4056 2228 4127 laudibus
2250 4069 2287 4127 et

261 4156 359 4228 ribus
382 4156 631 4229 eruditissimis
653 4159 723 4228 iter
743 4159 909 4232 inductus
933 4160 1105 4253 arripnit,
1130 4183 1248 4255 neque
1299 4158 1485 4251 vituperiis
1506 4159 1687 4251 pertinent
1701 4159 1872 4231 vitiorum
1887 4183 1929 4230 ac
1943 4161 2116 4232 virtutum
2133 4161 2286 4240 formae,

261 4259 467 4351 disputandi
488 4283 633 4341 caussa,
657 4262 719 4330 sed
739 4261 789 4331 ita
806 4263 963 4335 vivendi.
1013 4262 1167 4358 Reliqua
1185 4263 1248 4357 qui
1298 4262 1488 4354 prudentia
1512 4286 1633 4333 rerum
1659 4265 1917 4354 gerendarum,
1941 4262 2108 4347 scientia,
2137 4259 2287 4343 institia,

261 4362 370 4445 volet,
391 4386 434 4432 ex
447 4363 527 4455 ipso
542 4362 593 4434 Μ.
609 4361 780 4435 Cicerone
795 4377 905 4458 petat.
944 4364 993 4436 Et
1007 4366 1047 4436 in
1061 4362 1157 4437 hunc
1170 4390 1248 4434 mo-
1299 4366 1554 4457 temperantia,
1594 4365 1789 4446 sortitud03
1841 4377 1987 4449 contra,
2029 4364 2286 4458 imprudentia,

261 4465 349 4533 dnm
372 4464 587 4554 praestiterit
609 4466 829 4557 optimorum
844 4468 1060 4560 scripturum
1080 4467 1248 4560 exemplis
1299 4467 1493 4552 iniustitia,
1525 4468 1823 4559 intemperantia,
1856 4468 2059 4553 temeritas,
2090 4481 2226 4549 metus,
2251 4476 2288 4536 et

262 4564 336 4646 nti,
362 4567 525 4659 equibus
540 4590 733 4660 cognoscas
747 4594 822 4639 non
842 4572 951 4640 modo
974 4571 1249 4663 argumentandi
1298 4567 1442 4641 similia.

261 4668 435 4758 liguram,
475 4672 535 4740 sed
569 4682 604 4740 et
634 4676 831 4764 quomodo·
848 4673 1003 4745 illustres
1036 4688 1072 4744 et
1099 4697 1249 4745 exornes
1400 4671 1479 4743 Huc
1502 4670 1587 4741 item
1610 4673 1791 4764 pertinent
1812 4696 1869 4744 res
1895 4674 1952 4743 vel
1970 4674 2082 4756 bene,
2112 4672 2170 4742 vel
2191 4672 2284 4742 male

463 1466 684 1540 Educatio
711 1479 753 1536 ct
779 1465 1041 1558 disciplina.

1684 2058 1898 2133 Fortuna.

1594 2687 1747 2758 Animi
1773 2689 1993 2762 conditio.

263 4782 533 4859 argumentum,
564 4772 651 4865 quid
675 4775 770 4845 enim
796 4799 929 4870 quaeso
944 4778 1063 4868 potuit
1085 4776 1174 4847 aM.
1191 4776 1249 4847 Ci·
1300 4788 1439 4866 gestae,
1476 4769 1533 4844 his
1560 4775 1736 4845 factorum
1764 4774 1914 4847 consilia
1938 4776 2040 4845 adds.
2099 4774 2288 4845 Pertinent
2435 4819 2438 4832 ·

263 4896 393 4942 nerone
418 4885 481 4942 aut
503 4876 733 4964 prudentius,
766 4892 827 4949 aut
855 4879 1019 4950 ornatius
1041 4904 1084 4948 eo
1108 4880 1188 4949 loco
1210 4880 1248 4948 in
1300 4871 1370 4948 hue
1394 4889 1430 4952 et
1452 4900 1686 4968 personarum
1707 4877 1845 4961 studia,
1876 4891 1916 4950 ut
1937 4880 2095 4949 forenses
2116 4878 2200 4960 alii,
2225 4876 2288 4946 alii

263 4972 437 5045 Catonem
453 4974 549 5044 dici?
1302 4979 1452 5062 milites,
1478 4979 1539 5048 alii
1554 4992 1770 5052 mercatores
1783 4992 1877 5051 sunt.

286 5109 289 5116 ¹
475 5097 478 5103 “
1404 5079 1446 5151 ln
1470 5083 1632 5174 personis
1654 5078 1742 5152 haec
1765 5084 1876 5153 lerme
1906 5081 2160 5176 requiruntur,
2194 5105 2286 5176 quae

1302 5208 1369 5255 usu
1384 5185 1530 5254 venient
1545 5186 1807 5268 declamaturis,
1832 5197 1896 5257 ant
1911 5184 2118 5256 iudicaturis
2134 5207 2287 5268 caussas,

366 5276 578 5369 Acorporis
593 5274 736 5364 habitu,
762 5282 881 5375 qualia
904 5296 988 5354 sunt
1013 5287 1109 5376 apud
1123 5284 1175 5355 M.
1192 5283 1251 5353 Ci-
1302 5286 1430 5382 quihus
1452 5311 1626 5380 personae
1653 5300 1872 5371 tractantur,
1914 5300 1954 5359 ut
1977 5288 2169 5382 pleraeque
2191 5300 2287 5359 sunt.-

262 5400 429 5447 ceronem
448 5379 486 5448 in
500 5380 688 5451 Pisonem:
721 5381 841 5454 lamne
855 5385 955 5456 vides
968 5385 1096 5456 belua?
1126 5384 1250 5458 lamne
1300 5388 1347 5459 Et
1368 5384 1474 5459 huius
1493 5390 1633 5481 generis
1655 5403 1885 5482 argumenta,
1910 5414 2119 5485 quanquam
2138 5388 2286 5482 propris

260 5480 393 5564 sentis,
426 5484 587 5575 quaesit
610 5480 798 5554 hominum
824 5488 968 5580 querela
990 5488 1118 5559 frontis
1142 5489 1250 5560 tuae?
1301 5493 1347 5562 ad
1363 5487 1540 5565 libatores
1554 5491 1775 5585 pertineant,
1799 5517 1950 5587 nempe,
1976 5518 2069 5588 quae
2084 5490 2287 5585 probabilia

270 5639 479 5654 m

476 5129 478 5133 ’
532 5143 756 5252 Corporis
788 5145 982 5222 habitus.

296 5730 346 5799 ω)
364 5735 466 5785 mlli-
483 5746 587 5800 ”fl-²
607 5734 935 5798 '⁰0⁴¹10llll⁰⁸³⁸⁰¹⁰²·
1335 5756 1384 5826 90)
1402 5762 1502 5812 annot.
1516 5772 1622 5828 narr:
1645 5762 1769 5826 speetu
1787 5760 2005 5815 commodissime
2022 5758 2169 5820 stacten!
2184 5757 2285 5814 lucri·

212 5873 214 5877 .
295 5816 345 5884 m)
363 5821 493 5885 usam]
519 5822 603 5872 rust.
623 5822 710 5877 r-a
727 5819 829 5884 sm,
1370 5829 1444 5883 nus
1460 5828 1562 5887 nrm.
2088 5823 2093 5838 ¹

267 5900 451 5971 marn.
474 5904 579 5971 orna.
625 5906 708 5971 Vos.
730 5905 803 5970 xx
833 5941 836 5945 -
1832 5900 1881 5973 48
