5534 6700
483 606 556 685 611
1102 599 1226 677 PIIIL.
1251 601 1367 677 MEL.
1393 599 1598 676 SCRIPTA
1621 597 1890 677 HISTORICA.
2441 607 2520 688 512

480 795 557 854 tur:
594 792 715 849 tamen
738 787 772 843 et
785 772 863 843 Deo
889 774 1230 867 obtemperandum,
1258 788 1293 845 et
1314 774 1470 868 patriam
1624 771 1809 864 Principio
1825 796 1932 856 vero,
1959 775 2057 866 quod
2074 772 2214 865 Regum
2232 777 2519 869 sapientissimus

481 909 557 955 non
575 878 835 952 destituendam
853 901 927 948 esse
945 880 1122 950 censebat.
1522 874 1695 946 Salomon
1720 899 1833 945 unum
1861 876 2028 968 optabat,
2060 876 2098 944 id
2121 877 2197 969 ipse
2222 904 2368 975 quoque
2400 899 2519 978 optat,

553 979 782 1072 ‘Respondit
819 991 939 1049 autem
971 981 1095 1072 legatis
1124 1005 1189 1073 per
1218 979 1466 1050 Mercurinum
1522 1002 1603 1049 cum
1618 972 1777 1048 humana
1793 978 1968 1069 sapientia
1990 1003 2066 1048 non
2088 978 2135 1050 sit
2155 1005 2223 1071 par
2249 995 2373 1055 tantae
2388 991 2520 1078 guber-

478 1087 692 1162 Oratorem3
733 1079 819 1152 huic
841 1083 937 1151 enim
960 1107 1100 1154 summa
1132 1085 1210 1153 laus
1241 1080 1468 1177 eloquentiae
1521 1079 1682 1163 nationi,
1709 1091 1749 1149 ut
1766 1077 1862 1150 Deus
1879 1094 2001 1173 pectus
2020 1094 2055 1149 et
2073 1084 2220 1153 consilia
2238 1084 2352 1176 ipsius
2372 1088 2411 1158 in
2432 1103 2519 1182 toga

477 1187 714 1261 tribuebatur.
780 1183 876 1255 Usus
905 1198 958 1256 est
984 1185 1093 1275 igitur
1116 1185 1342 1258 Mercuriuus
1371 1186 1471 1265 lucu·
1522 1194 1557 1252 et
1584 1183 1622 1250 in
1646 1181 1757 1251 armis
1777 1195 1897 1272 regat,
1932 1207 1972 1252 ac
1994 1185 2174 1277 perficiat,
2213 1200 2255 1257 ut
2275 1187 2459 1262 Ecclesiae
2483 1208 2517 1265 et

477 1293 573 1361 lenta
592 1288 770 1371 oratione,
791 1300 898 1380 atque
914 1283 1122 1359 huiusmodi
1138 1289 1246 1359 verba
1262 1289 1362 1358 fecit:
1390 1286 1470 1358 lure
1522 1285 1590 1354 toti
1606 1285 1730 1376 generi
1740 1277 1902 1354 humano
1916 1280 2006 1356 haec
2021 1287 2132 1379 ipsius
2148 1290 2363 1380 gubernatio
2383 1295 2515 1366 saluta·

476 1394 633 1464 laetatur
656 1390 735 1461 Rex
759 1388 929 1473 Carolus,
974 1416 1055 1461 cum
1080 1391 1351 1475 benevolentia,
1392 1402 1469 1462 tum
1521 1387 1571 1458 ris
1587 1387 1645 1459 sit.
1697 1386 2128 1474 MeminitRexCarolus‚
2156 1415 2199 1461 er
2213 1387 2282 1462 hac
2296 1394 2373 1488 ipsa
2386 1397 2516 1491 Hispa·

476 1520 566 1567 vero
593 1494 702 1564 etiam
737 1492 947 1584 gravissimo
978 1493 1111 1564 iudicio
1143 1494 1276 1566 summi
1305 1494 1470 1577 Senatus,
1521 1489 1581 1558 ula
1615 1492 1705 1561 duos
1736 1489 1916 1582 principes
1946 1493 1993 1560 ad
2022 1489 2219 1584 Imperium
2251 1511 2398 1571 vocatos
2427 1526 2517 1589 esse,

477 1597 695 1672 Germaniae
710 1595 943 1687 Principum,
978 1597 1042 1691 qui
1061 1609 1135 1666 tam
1162 1598 1273 1669 dubio
1293 1608 1470 1688 tempore,
1521 1591 1721 1662 'l'raianum
1741 1605 1776 1662 et
1784 1588 2049 1678 Theodosium,
2076 1620 2233 1690 quorum
2250 1599 2342 1670 alter
2358 1603 2517 1699 optimus

475 1699 624 1795 Imperii
644 1700 941 1791 gubernationem
965 1697 1033 1790 ipsi
1055 1701 1137 1784 uni,
1178 1712 1256 1770 tuto
1288 1722 1471 1769 commen·
1522 1694 1722 1787 appellatus
1738 1706 1810 1778 est,
1837 1695 1928 1765 alter
1942 1720 2018 1766 non
2032 1698 2148 1769 solum
2165 1700 2329 1773 bonitate
2345 1717 2382 1774 et
2405 1706 2517 1778 armis

477 1804 558 1876 dari
574 1813 799 1873 censuerunt.
850 1800 948 1892 Quid
965 1801 1060 1870 euim
1084 1814 1147 1873 aut
1167 1802 1301 1890 gratius
1324 1801 1357 1871 ei
1380 1801 1470 1870 acci·
1521 1796 1683 1866 'I'raiano
1699 1821 1766 1890 par
1782 1796 1869 1882 fuit,
1894 1800 1956 1869 sed
1984 1800 2091 1870 etiam
2116 1797 2187 1872 hac
2210 1804 2316 1876 laude
2339 1809 2516 1895 excelluit,

477 1910 564 1979 dere
586 1917 724 1997 potest,
765 1926 872 1997 quam
903 1907 1001 1998 quod
1027 1905 1073 1975 ab
1093 1904 1260 1976 universa
1286 1903 1404 1996 patria
1432 1927 1469 1975 se
1521 1903 1620 1995 quod
1638 1924 1721 1969 vere
1735 1898 1853 1970 Deum
1876 1901 2004 1987 coluit,
2038 1927 2079 1973 ac
2099 1906 2265 1997 perfecit,
2296 1909 2516 2003 utEvange·

478 2033 562 2079 vere
581 2004 910 2096 amari'intelligit?
936 2019 998 2077 aut
1018 2002 1333 2090 honorificentius,
1359 2030 1469 2101 quam
1522 2002 1611 2071 lium
1636 2002 1744 2074 latius
1768 2017 2049 2096 propagaretur,
2080 2020 2116 2077 et
2140 2011 2369 2081 concordiam
2393 2012 2516 2084 Eccle-

478 2113 577 2208 quod
594 2108 848 2203 sapientissimi
861 2108 1048 2201 Principes
1061 2122 1198 2180 tautam
1213 2111 1282 2203 ipsi
1299 2109 1469 2179 virtutem
1506 2105 1595 2177 siae
1614 2105 1694 2197 pie,
1719 2106 1906 2196 diremptis
1928 2108 2101 2195 dissidiis,
2131 2111 2326 2185 constituit.
2367 2114 2418 2183 Ili
2439 2119 2516 2187 duo

477 2216 662 2296 tribuunt,
703 2225 739 2281 et
772 2213 874 2304 quasi
908 2212 1131 2295 divinantes,
1181 2236 1260 2282 eam
1292 2236 1393 2303 spem
1426 2214 1470 2282 de
1522 2207 1710 2299 Principes
1726 2233 1768 2279 ex
1784 2206 1958 2300 Hispania
1976 2213 2133 2298 evocati,
2159 2239 2238 2284 cum
2260 2216 2395 2287 fuerint
2418 2219 2516 2289 salu-

477 2319 589 2412 ipsius
603 2317 672 2386 fide
688 2328 725 2385 et
744 2313 911 2383 felicitate
933 2327 1192 2407 conceperunt,
1226 2315 1408 2386 neminem
1430 2327 1472 2386 ut
1521 2322 1616 2382 tares
1645 2311 1725 2379 orbi
1756 2325 1953 2381 terrarum:
1996 2312 2153 2388 laetatur
2177 2317 2310 2390 omine.
2370 2319 2515 2391 Horum

478 2423 524 2493 ad
546 2417 616 2491 hoc
637 2415 785 2510 Imperii
801 2416 1004 2508 fastigium,
1029 2441 1138 2511 quam
1156 2417 1294 2509 ipsum,
1319 2413 1470 2486 evehere
1522 2412 1682 2504 exempla
1699 2413 1767 2484 sibi
1786 2428 1984 2505 proponet,
2010 2430 2047 2485 et
2059 2420 2293 2490 annumerari
2312 2423 2515 2495 laudatissi-

478 2519 697 2594 maluerint?
749 2517 912 2590 Vicissim
938 2521 1049 2610 igitur
1070 2532 1106 2589 et
1126 2522 1265 2612 patriae
1287 2520 1470 2612 pietatem,
1521 2515 1589 2586 mis
1614 2515 1896 2608 lmperatoribus
1922 2518 2029 2591 volet.
2088 2521 2238 2592 Summa
2263 2525 2378 2597 virtus
2401 2524 2514 2595 ma'io·

478 2638 515 2695 et
530 2623 691 2716 cognatis
705 2620 934 2713 Principibus
950 2622 1240 2693 benevolentiam
1257 2635 1468 2716 perpetuam
1521 2641 1601 2688 rum
1624 2618 1694 2689 fuit
1717 2618 1756 2687 in
1777 2632 1931 2712 utraque
1947 2621 2105 2708 familia,
2131 2625 2318 2696 Austriaca
2334 2641 2370 2697 et
2384 2626 2514 2719 Hispa·

477 2726 679 2822 pollicetur.
731 2722 1001 2795 Deliberantem
1023 2737 1143 2795 autem
1164 2727 1209 2796 de
1232 2722 1388 2818 Imperio
1413 2749 1471 2794 ac·
1521 2719 1614 2791 nica.
1671 2720 1810 2791 Harum
1834 2720 2032 2794 similitudo
2056 2727 2094 2796 in
2116 2728 2225 2819 Regis
2239 2727 2360 2799 Caroli
2381 2743 2512 2800 natura

478 2830 644 2922 cipiendo
674 2827 836 2897 diversae
867 2852 972 2898 curae
1001 2828 1064 2897 diu
1089 2841 1335 2899 exercuerunt.
1393 2826 1472 2899 Etsi
1522 2835 1557 2892 et
1574 2823 1695 2893 indole
1712 2822 1783 2893 iam
1798 2825 1980 2917 praeclare
2000 2827 2106 2901 lucet.
2165 2831 2512 2904 Comitaturautem

477 2934 573 3012 enim
598 2930 721 3022 magni
745 2929 858 2999 animi
880 2943 952 3015 est,
993 2955 1068 2999 non
1092 2931 1266 3001 deterreri
1292 2931 1387 3001 mole
1414 2954 1470 3000 re·
1521 2925 1669 2996 felicitas
1684 2951 1764 2996 cum
1784 2938 1941 3000 caeteras
1962 2928 2132 3019 virtutes,
2164 2947 2241 3004 tum
2266 2959 2353 3004 vero
2375 2936 2515 3027 praeci-

476 3060 579 3117 rum,
612 3045 647 3102 ct
666 3031 912 3121 magnitudine
933 3032 1198 3123 periculorum,
1231 3058 1324 3127 quae
1347 3032 1471 3103 viden·
1521 3052 1592 3119 pue
1612 3029 1783 3120 pietatem
1808 3052 1890 3120 erga
1914 3029 2052 3118 Deum,
2084 3035 2235 3130 quaein
2257 3034 2355 3128 llege
2377 3036 2511 3108 Carolo

478 3150 539 3208 tur
567 3136 776 3226 impendere
807 3134 962 3203 intuenti
991 3159 1087 3205 nunc
1117 3132 1278 3217 ltaliam,
1326 3158 1469 3229 quaea
1522 3130 1666 3203 eminet.
1718 3130 1839 3225 Quare
1854 3156 1934 3224 spes
1950 3146 2003 3206 est
2019 3137 2095 3209 eius
2117 3139 2412 3231 gubernationem
2432 3141 2513 3210 fau-

478 3238 592 3313 Gallis
609 3249 771 3320 tenetur,
798 3259 893 3305 nunc
906 3236 1045 3308 Turcas
1063 3238 1316 3309 denuntiantes
1335 3237 1467 3308 bellum
1521 3244 1635 3318 stam,
1674 3233 1811 3304 felicem
1837 3245 1872 3306 et
1893 3237 2085 3310 salutarem
2107 3242 2184 3313 fore
2209 3242 2288 3312 orbi
2311 3255 2511 3313 terrarum:

475 3338 694 3416 Pannoniis:
722 3352 845 3409 tamen
861 3364 941 3410 curn
960 3365 1043 3419 vere
1055 3340 1102 3411 sit
1115 3339 1237 3411 divina
1262 3366 1319 3411 res
1342 3341 1470 3433 guber·
1521 3347 1557 3405 et
1573 3350 1613 3407 ut
1626 3336 1690 3421 sit,
1718 3363 1842 3412 omnes
1858 3337 1945 3410 boni
1959 3353 2037 3412 toto
2054 3357 2201 3436 pectore
2216 3356 2301 3415 vota
2317 3346 2435 3416 facere
2449 3347 2514 3416 de·

475 3446 598 3530 natio,
632 3467 698 3513 nec
717 3441 787 3514 nisi
812 3444 993 3536 aspirante
1010 3443 1109 3527 Deo,
1142 3443 1226 3514 felix
1249 3468 1322 3516 esse
1345 3443 1470 3536 possit,
1520 3439 1617 3511 beut.
1670 3439 1730 3511 Tu
1755 3466 1862 3527 vero,
1894 3441 1978 3514 Dux
1991 3443 2195 3533 Friderice,
2222 3448 2294 3533 ito,
2321 3462 2358 3519 et
2380 3449 2513 3541 princi-

477 3560 667 3621 contanter
696 3558 732 3616 et
760 3546 924 3638 religiose
955 3543 1110 3638 Imperia
1138 3546 1344 3639 accipienda
1375 3558 1470 3618 sunt.
1520 3542 1625 3634 pibus
1638 3540 1861 3618 Electoribus
1878 3545 2010 3638 gratias
2027 3550 2144 3641 agito,
2172 3573 2328 3647 quorum
2343 3551 2513 3643 cognovit

476 3651 574 3721 Ilaec
589 3650 697 3720 etiam
713 3648 909 3740 Hispania,
943 3649 1007 3719 etsi
1032 3648 1125 3720 vires
1148 3673 1249 3734 suas,
1276 3674 1369 3745 quae
1393 3672 1468 3718 non
1520 3644 1688 3714 eximiam
1705 3670 1787 3738 erga
1805 3674 1842 3719 se
1858 3649 2145 3722 benevolentiam
2165 3678 2258 3735 esse;
2285 3678 2325 3724 ac
2345 3655 2512 3724 volunta-

478 3766 563 3825 sunt
585 3752 752 3842 exiguae,
784 3753 829 3819 ad
853 3752 1058 3821 societatem
1082 3775 1205 3823 rerum
1228 3754 1467 3844 gerendarum
1519 3759 1571 3817 tes
1595 3759 1719 3819 eo'rum
1742 3754 1975 3838 confirmato,
2002 3767 2037 3823 et
2059 3753 2315 3849 Imperatorem
2337 3755 2511 3827 Carolum

478 3855 602 3926 offert:
629 3865 752 3922 tamen
766 3852 885 3944 ipsum
897 3852 1033 3945 Regem
1052 3854 1171 3939 domi,
1206 3854 1366 3925 velutin
1389 3879 1468 3948 spe·
1520 3863 1640 3942 petere
1655 3852 1785 3938 dicito,
1811 3868 1852 3926 ut
1871 3855 1940 3949 ipsi
1963 3870 2135 3953 tanquam
2160 3861 2322 3933 custodes
2346 3859 2511 3953 publicae

477 3955 694 4048 cularegni‚
720 3956 903 4028 assiduum
914 3980 990 4028 esse
1007 3956 1141 4028 mallet.
1198 3957 1303 4028 Sede
1320 3958 1468 4050 regione
1519 3953 1635 4046 pacis,
1667 3979 1731 4027 sua
1753 3957 1841 4044 fide,
1876 3962 2088 4047 concordia,
2115 3963 2267 4048 virtute,
2293 3962 2512 4057 Germaniae

476 4063 608 4133 durum
630 4058 838 4144 videbatur,
876 4059 1015 4151 patriae
1037 4083 1143 4152 opem
1168 4060 1213 4129 ab
1236 4062 1315 4153 ipso
1338 4061 1468 4152 implo-
1519 4057 1816 4151 tranquillitatem
1852 4074 2039 4150 tueantur,
2089 4067 2204 4136 donec
2236 4063 2439 4159 Imperator
2474 4064 2512 4134 in

475 4164 572 4244 ranti
606 4165 739 4234 deesse.
808 4160 926 4231 Movit
953 4162 1060 4232 etiam
1088 4161 1250 4233 animum
1280 4149 1466 4254 gentilium
1520 4159 1753 4230 Germaniam
1770 4164 1908 4248 veniet,
1934 4167 1997 4260 qui
2014 4168 2160 4261 quidem
2178 4170 2373 4238 adventum
2395 4182 2511 4238 matu·

475 4269 603 4349 decus,
632 4276 740 4360 atquc
760 4260 952 4337 honestum
975 4290 1049 4337 esse
1066 4264 1220 4349 iudicat,
1246 4264 1306 4333 avi
1324 4277 1359 4334 et
1379 4289 1468 4357 pro·
1519 4285 1601 4331 rare
1619 4265 1900 4357 quamprimum
1918 4270 2088 4341 decrevit.

476 4371 536 4443 avi
559 4369 721 4459 exempla
746 4368 859 4462 sequi.
917 4366 965 4437 Et
988 4392 1070 4440 curn
1096 4391 1185 4438 avus
1208 4368 1383 4460 collapsas
1411 4391 1469 4439 res
1623 4365 1720 4437 Haec
1747 4391 1827 4438 cum
1850 4367 2076 4444 Mercurinus
2101 4372 2264 4457 dixisset,
2304 4384 2382 4441 tota
2413 4371 2513 4442 curia

473 4497 599 4544 rursus
629 4470 805 4555 erexerit,
846 4494 999 4565 cumque
1032 4466 1117 4541 huic
1147 4470 1306 4540 familiae
1331 4465 1467 4564 potitae
1518 4467 1675 4539 laetitiae
1697 4471 1823 4562 plena,
1850 4476 1924 4566 regi
1942 4473 2075 4545 Carolo
2097 4488 2133 4545 et
2155 4471 2371 4566 Imperatori
2390 4473 2513 4544 omnia

474 4571 545 4646 hoc
564 4573 727 4667 fastigio,
757 4584 878 4643 tantae
900 4572 1112 4645 accesserint
1133 4596 1237 4666 opes:
1271 4574 1468 4644 arbitratur
1519 4571 1635 4641 fausta
1663 4576 1890 4665 precabatur.
1950 4577 2078 4648 Postea
2107 4576 2259 4669 scriptae
2280 4590 2366 4648 sunt
2388 4578 2513 4647 literae

474 4678 647 4750 divinitus
670 4671 765 4746 hanc
785 4675 958 4752 familiam
980 4676 1027 4745 ad
1048 4673 1194 4768 Imperii
1223 4678 1468 4747 defensionem
1520 4673 1566 4742 ad
1587 4671 1789 4761 Electores,
1823 4678 1861 4748 in
1890 4681 2020 4773 quibus
2042 4679 2121 4750 Rex
2140 4677 2394 4772 se-lmperium
2416 4704 2514 4750 acce·

474 4783 610 4853 vocari.
673 4779 862 4851 Postremo
893 4780 1001 4849 etiam
1032 4779 1236 4874 principum
1260 4777 1467 4852 Electorum
1519 4775 1612 4867 pisse
1635 4781 1845 4869 profitetur,
1879 4794 1915 4850 et
1939 4785 1983 4852 de
2006 4783 2257 4854 constituendo
2280 4795 2374 4854 statu
2398 4780 2515 4875 lmpe-

475 4885 570 4956 rotis
586 4896 621 4954 et
639 4882 772 4953 iudicio
789 4896 1040 4976 permovetur,
1071 4894 1112 4953 ut
1125 4908 1201 4953 rem
1218 4883 1382 4953 omnium
1400 4883 1468 4953 dif-
1519 4878 1585 4963 rii,
1618 4877 1710 4951 nihil
1732 4884 1809 4954 sine
1831 4884 1980 4955 consilio
1999 4883 2205 4957 Electorum
2233 4887 2410 4956 facturum
2438 4908 2514 4957 esse

474 4986 691 5069 licillimam,
739 4982 885 5077 Imperii
919 4985 1237 5077 gubernationem,
1288 4985 1467 5079 suscipere
1519 4983 1718 5074 profitetur.
1749 4985 2019 5058 Commemorat
2031 4988 2100 5059 sibi
2114 4989 2402 5060 benevolentiam
2418 4988 2515 5082 ipso-

473 5090 595 5160 minus
610 5099 760 5159 recuset.
1518 5108 1599 5155 rum
1632 5087 1924 5161 iucundissimam
1960 5115 2054 5176 esse,
2085 5104 2122 5161 et
2151 5094 2353 5163 voluntates
2385 5115 2513 5163 eorum

577 5190 672 5261 Tam
699 5189 833 5259 multae
854 5213 980 5280 graves
1010 5213 1139 5260 causae
1167 5215 1248 5261 cum
1277 5215 1467 5263 concurre·
1519 5190 1719 5265 confirmat.
1771 5191 1959 5264 Postremo
1978 5194 2170 5286 pollicetur
2184 5196 2291 5265 etiam
2307 5195 2412 5265 brevi
2424 5220 2462 5267 se
2473 5194 2513 5262 in

474 5306 573 5375 rent;
610 5317 764 5389 cumque
787 5291 959 5363 divinitus
980 5318 1018 5364 se
1040 5293 1164 5362 vocari
1192 5295 1239 5363 ad
1257 5291 1469 5388 Imperium,
1519 5291 1751 5366 Germaniam
1777 5308 1969 5367 venturum
1994 5322 2079 5369 esse.
2142 5297 2194 5368 Ut
2219 5298 2328 5389 igitur
2353 5294 2511 5370 sollicitis

473 5396 614 5491 patriae
636 5419 811 5469 consensu
834 5385 1022 5466 statueret:
1061 5398 1228 5481 tandem,
1260 5401 1360 5492 quod
1383 5401 1468 5471 felix
1518 5394 1742 5471 Electoribus
1764 5399 2033 5494 quamprimum
2059 5401 2227 5473 voluntas
2248 5400 2373 5472 Caroli
2396 5399 2512 5491 lmpe-

472 5501 702 5595 faustumque
726 5498 805 5583 sit,
823 5495 1019 5591 Imperium
1046 5501 1206 5593 accipere
1221 5498 1300 5570 Rex
1315 5501 1467 5574 Carolus
1518 5500 1649 5571 ratoris
1672 5501 1954 5594 significaretur,
1994 5502 2198 5575 fridericus
2220 5503 2406 5574 Palatinos
2433 5526 2514 5571 am·

472 5602 652 5687 decrevit,
679 5598 822 5674 ethanc
845 5601 1067 5672 voluntatem
1092 5627 1217 5687 suam,
1242 5601 1327 5675 Dur
1341 5602 1467 5676 Fride-
1518 5601 1686 5694 plissimis
1704 5605 1913 5679 muneribus
1929 5621 2098 5692 ornatus,
2124 5607 2244 5680 statim
2263 5607 2428 5679 dimissus
2448 5618 2515 5678 est.

473 5706 565 5793 rice,
592 5718 668 5777 ate
692 5704 824 5799 erponi
837 5703 1081 5788 Electoribus,
1113 5718 1149 5776 et
1171 5707 1325 5798 perferri
1350 5708 1390 5777 in
1412 5720 1467 5779 to-
1621 5705 1752 5779 Caesar
1777 5721 1897 5780 autem
1922 5709 2028 5780 initio
2057 5710 2151 5783 veris
2182 5735 2225 5782 ex
2245 5709 2422 5803 IIispania
2443 5710 2513 5781 sol·

472 5821 548 5881 tam
566 5809 799 5883 Germaniam
816 5807 987 5903 postulat.
1271 5887 1276 5898 ,
1518 5830 1605 5880 vens
1619 5810 1761 5883 traiecit
1773 5811 1812 5885 in
1819 5811 2011 5907 Angliam,
2031 5814 2095 5886 ubi
2108 5838 2129 5885 a
2144 5808 2516 5908 IlegellenricoVIll.
