5534 6700
362 614 438 686 783
861 603 939 678 vlt
990 599 1359 677 couPENDtattla
1393 599 1706 674 autumnas
1736 601 1898 676 nauto,
2324 602 2399 676 tat

361 794 522 877 peccat,¹
540 781 637 874 quod
663 790 821 871 quatuor
843 774 1006 845 terminis
1031 775 1173 844 conficit
1195 773 1357 866 syllogis·
1410 773 1486 844 sola
1503 772 1616 840 animi
1629 774 1846 865 cogitatione
1870 771 2091 865 deprehendi
2113 785 2241 863 potest.
2291 774 2399 845 Prin-

363 909 453 954 mos.
506 882 581 954 Nec
597 881 712 950 variet
727 881 781 949 vis
799 879 1078 960 vocabulorum,
1101 877 1138 945 id
1158 879 1253 969 quod
1274 899 1358 944 nus·
1411 875 1534 966 cipalis
1550 876 1721 969 cuiusque
1743 878 1945 968 argumenti
1961 901 2062 968 pars,
2087 877 2305 960 subiectum,
2329 873 2400 948 boc

365 1010 474 1081 quam
491 1008 566 1053 uon
583 982 701 1052 caveri
716 982 794 1051 vult
807 979 1023 1049 dialecticus.
1076 979 1172 1046 Male
1188 979 1282 1046 enim
1301 1001 1358 1045 ar·
1411 990 1463 1047 est
1478 977 1634 1068 primum
1651 981 1863 1049 vocabulum
1886 975 2073 1060 thematis,
2100 991 2170 1062 est,
2200 980 2314 1071 deque
2335 979 2400 1049 illo

365 1087 652 1179 gumentaberis,
677 1083 708 1153 si
728 1084 779 1153 sic
798 1080 1015 1175 colliges⁴¹):
1058 1079 1188 1150 Omnis
1206 1080 1359 1171 polypus
1412 1079 1548 1172 aliquid
1581 1080 1732 1163 dicitur,
1772 1095 1813 1150 ut
1842 1080 2017 1173 Voluptas
2051 1092 2103 1149 est
2135 1081 2290 1161 bonum,
2330 1103 2402 1150 vox

366 1203 420 1260 est
432 1188 552 1281 piscis,
575 1186 723 1256 morbus
737 1183 883 1278 quidam
902 1169 1055 1276 polypus
1072 1195 1136 1264 est,
1160 1205 1245 1271 ergo
1263 1205 1360 1249 mor·
1411 1181 1639 1273 principalis,
1663 1181 1827 1275 basisque
1842 1183 1951 1253 totius
1969 1181 2221 1274 disputationis
2236 1182 2401 1273 voluptas

367 1290 434 1361 bus
456 1291 602 1384 quidam
629 1287 735 1378 piscis
758 1299 822 1356 est.
880 1284 1065 1367 Breviter,
1096 1283 1360 1354 infoelicissime
1412 1296 1485 1366 est,
1526 1286 1641 1377 deque
1667 1308 1708 1354 ea
1732 1285 1867 1354 bonum
1892 1287 2033 1355 dicitur.
2100 1284 2296 1376 Propterea
2319 1308 2402 1353 curn

367 1393 529 1482 colliges,
552 1391 621 1461 nisi
638 1392 710 1458 duo
725 1387 986 1479 simplicissima
1003 1387 1181 1454 axiomata
1197 1409 1361 1468 consuas,
1413 1385 1624 1475 vestigatur,
1668 1410 1779 1479 quare
1808 1390 1852 1456 de
1883 1389 2066 1477 voluptate
2090 1387 2229 1455 dicatur
2251 1389 2402 1470 bonum,

368 1496 408 1562 in
432 1493 563 1586 quibus
582 1491 797 1561 vocabulum
823 1514 935 1560 unum
962 1491 1017 1559 bis
1042 1501 1246 1579 usurpetur.
1312 1489 1361 1555 At
1412 1489 1527 1579 prima
1547 1488 1743 1580 syllogismi
1763 1514 1863 1578 pars,
1890 1515 1953 1559 seu
1968 1489 2125 1580 primum
2150 1492 2292 1557 axioma
2317 1510 2402 1556 cou-

368 1619 578 1664 revocemus
592 1593 789 1686 syllogismi
803 1592 1031 1660 naturamad
1047 1590 1159 1657 animi
1175 1590 1361 1672 indicium,
1412 1590 1548 1673 ficitur,
1589 1590 1717 1659 deiude
1745 1615 1784 1658 ea
1819 1593 1894 1682 ipsa
1930 1616 2050 1661 caussa
2087 1593 2132 1658 ad
2166 1592 2403 1682 voluptatem,

369 1710 411 1767 ut
441 1697 661 1785 intelligatur
693 1719 766 1765 esse
787 1694 962 1763 naturalis
988 1694 1165 1785 quaedam
1194 1689 1362 1762 thematis
1413 1694 1575 1785 adeoque
1603 1694 1648 1760 ad
1681 1693 1834 1764 cuiusvis
1862 1689 2030 1764 thematis
2061 1693 2257 1763 subiectum
2288 1690 2403 1785 appli-

371 1799 551 1890 probandi
572 1792 780 1880 methodus,
821 1809 856 1865 et
877 1795 927 1864 sic
948 1793 1148 1885 compingi,
1188 1806 1228 1863 ut
1257 1795 1362 1862 aliter
1413 1806 1511 1876 cata,
1556 1794 1792 1884 posteriorem
1836 1797 2032 1888 syllogismi
2072 1809 2211 1886 partem
2248 1796 2403 1867 conlisit.

373 1924 448 1968 non
462 1900 574 1992 possit
590 1912 652 1968 aut
668 1901 805 1967 debeat.
856 1896 975 1990 Atque
989 1891 1047 1965 hic
1062 1897 1267 1966 dialecticae
1287 1919 1362 1966 cer·
1413 1895 1598 1966 Posterior
1610 1891 1778 1966 thematis
1794 1920 1878 1987 pars
1895 1899 1932 1966 in
1948 1898 2105 1988 primum
2125 1898 2290 1967 collocari
2305 1899 2402 1969 axio·
2510 1906 2514 1923 ¹

373 2002 563 2072 titudinem
582 2014 635 2071 est
659 2011 838 2092 spectare,
865 2001 963 2092 quod
987 1999 1106 2068 nullae
1128 2011 1211 2069 sunt
1226 1993 1362 2067 Rheto·
1414 2022 1472 2066 ma
1491 1999 1617 2080 debet,
1643 2022 1723 2068 cum
1740 2023 1862 2069 caussa
1885 2003 2079 2093 probante;
2112 2002 2214 2090 prior
2235 1997 2422 2083 thematis,

373 2104 723 2194 comprobatione,
750 2124 933 2194 quaenon
957 2101 1115 2192 possint,
1146 2123 1362 2194 quocunque
1413 2124 1498 2191 pars
1516 2113 1666 2191 occupat
1683 2104 1877 2171 secundum
1895 2103 2056 2183 axioma,
2083 2127 2163 2171 cum
2180 2126 2302 2174 caussa
2317 2126 2402 2195 pro·

374 2205 632 2287 modo-dictae,
658 2205 763 2273 aliter
782 2203 873 2286 dici,
903 2227 1027 2273 verum
1050 2201 1255 2272 dialecticae
1278 2224 1363 2292 pro·
1413 2204 1544 2286 bante,
1582 2228 1691 2295 quam
1714 2205 1931 2274 Aristotelici
1953 2205 2110 2275 medium
2133 2219 2276 2277 vocant.
2333 2205 2402 2274 llic

372 2308 536 2377 bationes
562 2309 607 2374 ab
637 2307 714 2396 ipsa
745 2317 874 2374 natura
908 2305 958 2374 sic
988 2306 1093 2374 nobis
1121 2305 1363 2394 praescriptae
1415 2328 1502 2373 vero
1517 2306 1628 2388 ordo,
1653 2318 1729 2374 uta
1753 2319 1880 2375 natura
1904 2308 2143 2399 praescriptus
2165 2321 2237 2392 est,
2269 2309 2317 2378 ita
2339 2331 2402 2377 ne-

374 2421 477 2490 sunt,
510 2421 571 2490 ut,
596 2410 694 2500 quod
711 2407 1235 2497 adargumentorumformam
1253 2405 1363 2496 parti·
1415 2406 1671 2489 cessariuscst,
1698 2421 1733 2476 et
1755 2409 1941 2478 immutari
1963 2411 2107 2503 nequit,
2141 2423 2263 2505 estque
2284 2410 2404 2481 omnis

374 2523 457 2592 net,
492 2511 625 2578 mutari
646 2509 747 2578 nullo
770 2520 876 2599 pacto
899 2520 1044 2601 queant.
1111 2505 1228 2600 Quem
1255 2506 1363 2599 syllo·
1414 2507 1639 2600 syllogismus
1656 2512 1929 2603 consequentia,
1955 2527 1996 2582 ut
2016 2527 2166 2598 vocant,
2190 2512 2403 2584 necessaria.

375 2613 572 2702 gismorum
606 2635 710 2680 nsum
744 2610 883 2679 utinam
917 2605 1233 2699 deprehendissent
1262 2603 1364 2679 scho-
1490 2677 1499 2692 ‚
1674 2676 1683 2692 ,
1983 2681 1991 2695 ,

374 2718 450 2795 las,
490 2725 525 2782 et
549 2715 798 2794 ostenderent,
836 2712 1041 2805 quicunque
1065 2723 1245 2792 oratores,
1286 2721 1362 2780 tum
1416 2676 2137 2798 Quth.therosyllog1smqm
2170 2696 2319 2768 meta
2361 2697 2405 2755 ⁰²

374 2838 508 2899 sacros,
531 2827 606 2883 tum
624 2810 833 2906 propbanos
847 2826 1037 2897 enarrant,
1061 2825 1102 2882 ut
1116 2812 1269 2905 spectari
1281 2836 1365 2903 pos-
1389 2804 1393 2875 i
1667 2783 1891 2871 qu⁰m⁰d⁰
1918 2783 2155 2853 ⁰⁰¹¹s¹⁰¹³¹·

375 2929 457 2987 sent
481 2918 769 2998 necessariae-'et
801 2915 1027 2985 inviolabiles
1055 2911 1254 2984 thematum
1279 2937 1364 3007 pro-
1517 2911 1634 2981 Velim
1665 2917 1852 2988 artificium
1884 2920 2104 2992 dialecticum
2138 2947 2218 2992 cnm
2250 2920 2404 2995 rhetori·

375 3019 548 3089 bationes.
598 3019 723 3112 Neque
739 3018 849 3085 modo
865 3018 916 3086 sic
932 3015 1063 3086 eruditi
1082 3016 1276 3108 colligunt,
1302 3028 1365 3085 aut
1416 3013 1465 3084 cis
1491 3013 1541 3082 ita
1574 3038 1716 3107 semper
1744 3023 1966 3111 comparari,
2004 3037 2045 3093 ut
2067 3038 2287 3116 spectaretur
2308 3027 2403 3098 idem

375 3121 647 3191 ratiocinantur.
698 3120 823 3190 Sedet
844 3143 975 3210 pueros
997 3130 1034 3187 et
1054 3118 1184 3189 idiotas
1205 3119 1280 3210 ipsa
1300 3119 1364 3186 do·
1416 3139 1491 3186 esse
1516 3117 1617 3200 finis,
1654 3117 1821 3214 idemque
1851 3148 1935 3194 usus
1958 3121 2158 3196 rhetoricae
2183 3152 2224 3198 ac
2246 3130 2405 3200 dialecti·

376 3235 432 3293 cet
444 3236 574 3292 natura
598 3221 819 3290 ratiocinari.
870 3220 1084 3313 Equorum
1105 3244 1168 3290 ore
1191 3220 1363 3289 iudicium
1389 3296 1392 3325 Ι
1416 3242 1488 3287 eae.
1541 3218 1664 3310 Quare
1680 3235 1715 3289 et
1731 3219 1892 3294 hocloco
1911 3226 2025 3296 visum
2043 3241 2096 3298 est
2117 3227 2207 3299 mihi
2229 3235 2403 3318 conferre,

376 3323 572 3419 syllogismi
587 3336 679 3415 pete,
697 3347 771 3393 non
788 3322 974 3392 erancidis
985 3323 1252 3393 dialecticorum
1267 3347 1364 3392 com·
1389 3330 1392 3412 l
1416 3344 1508 3414 quae
1528 3323 1573 3390 de
1593 3321 1806 3415 syllogismis
1828 3330 1874 3397 ab
1887 3329 2124 3403 Aristotelicis
2146 3335 2287 3423 prodita
2309 3347 2405 3420 sunt,

376 3426 573 3496 mentariis.
624 3425 841 3517 Etprimum
863 3425 1008 3519 quidem
1031 3425 1256 3517 syllogismus
1280 3449 1364 3517 pro·
1389 3431 1392 3454 ¹
1417 3447 1497 3493 cum
1519 3424 1583 3506 iis,
1617 3450 1710 3518 quae
1733 3442 1816 3498 sunt
1838 3434 1933 3522 apud
1949 3433 2112 3502 Marcum
2132 3435 2339 3504 Ciceronem
2364 3438 2404 3507 in

377 3531 477 3602 batia
504 3528 652 3610 alieuius
677 3527 845 3599 thematis
872 3540 943 3611 est,
975 3528 1127 3619 proinde
1147 3523 1266 3595 thema
1292 3527 1365 3619 pri·
1415 3526 1517 3595 libris
1543 3528 1588 3595 de
1620 3526 1848 3615 inventione,
1888 3532 1973 3601 item
2003 3540 2099 3630 apud
2121 3536 2330 3633 Fabiumfl)
2359 3542 2404 3609 de

379 3652 477 3700 snum
494 3631 617 3699 animo
641 3631 809 3721 concipe,
837 3632 934 3724 quod
956 3641 1168 3721 argumento
1193 3629 1365 3721 probatu·
1415 3624 1688 3720 Epicheremate
1719 3632 1813 3700 libro
1842 3635 1981 3727 quinto.
2045 3637 2093 3706 Et
2118 3640 2225 3730 plane
2251 3663 2290 3709 re
2313 3642 2404 3733 ipsa,

378 3758 440 3803 rus
453 3755 510 3815 es,
536 3733 675 3827 eritque
696 3733 910 3826 syllogismi,
936 3756 1043 3825 quem
1068 3734 1293 3802 confecturus
1314 3756 1364 3814 es,
1416 3755 1496 3801 cum
1513 3730 1563 3801 M.
1580 3730 1765 3818 Ciceroni,
1784 3747 1860 3804 tum
1879 3736 1993 3806 Fabio
2015 3742 2200 3811 nobiscum
2225 3745 2404 3835 convenit,

378 3834 569 3905 conclusio.
635 3834 751 3927 Vulgo
774 3835 836 3929 qui
860 3834 1084 3927 syllogismos
1105 3836 1279 3903 conficere
1300 3835 1366 3903 do-
1417 3834 1484 3903 etsi
1497 3833 1614 3902 verbis
1626 3834 1794 3905 nonnihil
1812 3861 1832 3905 a
1847 3854 1973 3911 nostro
1994 3867 2058 3912 usu
2080 3847 2247 3928 remotis,
2274 3845 2406 3916 discre-

378 3950 477 4020 csnt,
501 3962 577 4006 non
598 3939 794 4007 admonent
816 3961 835 4006 e
858 3934 1074 4009 thematibus
1100 3939 1300 4019 ducendos,
1327 3935 1365 4004 id
1390 4005 1392 4016 ,
1416 3959 1503 4026 pare
1534 3934 1710 4007 videatur.
1772 3938 1890 4009 Verba
1925 3945 2019 4027 eius,
2061 3947 2090 4016 si
2123 3948 2202 4040 quis
2233 3948 2404 4041 requiret,

378 4040 651 4135 quodmaxime
674 4040 870 4123 referebat,
896 4041 967 4109 sint
982 4064 1066 4132 ergo
1082 4037 1257 4111 themata:
1291 4038 1365 4108 Vo-
1389 4119 1392 4142 Ι
1416 4037 1616 4107 subiiciam.
1693 4040 2037 4132 Ratiocinatio,
2087 4062 2139 4117 est
2183 4048 2321 4133 oratio,
2361 4074 2404 4119 ex

378 4146 495 4235 luptas
510 4145 604 4212 bona
622 4155 686 4226 est,
714 4142 860 4212 Clodius
876 4142 955 4213 iure
976 4168 1098 4215 caestu
1116 4158 1180 4227 est,
1206 4142 1365 4213 Mundus
1390 4149 1392 4208 Ξ
1416 4141 1493 4231 ipsa
1515 4164 1555 4209 re
1577 4143 1763 4233 probabile
1787 4146 1921 4240 aliquid
1946 4150 2108 4232 eliciens,
2142 4153 2240 4243 quod
2266 4151 2405 4241 exposi-

378 4246 603 4339 providentia
626 4246 773 4338 regitur.
825 4246 970 4337 Singula
988 4244 1365 4340 singulissyllogismis
1418 4258 1514 4326 tum,
1548 4257 1583 4312 et
1606 4270 1671 4336 per
1693 4272 1729 4315 se
1756 4250 1957 4339 cognitum,
1996 4265 2057 4321 su'a
2086 4277 2122 4321 se
2147 4252 2181 4319 vi
2205 4265 2240 4321 et
2262 4254 2406 4324 ratione

379 4350 671 4446 probaturar'st’),
710 4373 870 4420 caussam
893 4374 1062 4443 quaeres,
1103 4362 1165 4418 aut
1193 4348 1364 4418 iudicium
1417 4348 1614 4416 confirmet.
1666 4349 1744 4417 lloc
1763 4353 1807 4418 de
1829 4375 1956 4441 genere
1979 4355 2042 4446 qui
2064 4354 2267 4445 diligentius
2289 4356 2405 4429 consi·

380 4454 630 4548 quodcunque,
647 4477 759 4547 quare
779 4452 944 4543 voluptas
957 4454 1050 4521 bona
1066 4451 1130 4534 sit,
1157 4475 1268 4545 quare
1283 4450 1365 4520 Clo·
1389 4487 1393 4562 p
1417 4451 1614 4518 derandum
1632 4464 1867 4541 putaverunt,
1894 4457 2085 4525 cumidem
2110 4457 2149 4525 in
2173 4483 2240 4529 usu
2262 4460 2405 4529 dicendi

306 4623 325 4634 ,
381 4558 460 4624 (lius
486 4555 561 4624 iure
586 4565 708 4627 caesus
729 4556 795 4637 sit,
829 4578 980 4648 eamque
1002 4577 1161 4624 caussam
1185 4579 1264 4622 cum
1290 4548 1366 4621 the·
1416 4566 1668 4645 sequerentur,
1692 4555 1838 4644 paulum
1855 4556 1892 4624 in
1906 4560 2149 4650 praecipiendi
2168 4561 2310 4631 ratione
2333 4563 2405 4631 dis-

380 4656 486 4729 matis
508 4660 706 4749 posteriore
726 4669 829 4750 parte
853 4682 916 4728 seu
941 4658 1167 4748 praedicato,
1206 4657 1364 4747 primum
1390 4687 1393 4692 ·
1417 4668 1615 4728 senserunt.
1664 4656 1756 4725 Nam
1775 4660 1905 4748 partim
1925 4662 2085 4755 quinque
2101 4664 2176 4732 eius
2190 4678 2309 4754 partes
2329 4690 2405 4737 esse

381 4761 578 4852 producas,
619 4762 755 4855 eritque
785 4758 925 4827 axioma
950 4784 1015 4829 ceu
1035 4759 1236 4829 communis
1258 4783 1366 4852 qnae-
1418 4760 1603 4840 dixerunt,
1641 4759 1772 4848 partim
1797 4785 1871 4830 non
1903 4766 2001 4854 plus,
2043 4789 2151 4857 quam
2185 4779 2255 4837 tres
2285 4779 2414 4858 partes¹

380 4868 463 4932 dam
480 4862 654 4933 sententia
678 4876 740 4932 aut
762 4887 912 4953 gnome,
946 4876 1008 4933 aut
1028 4865 1126 4933 locus
1153 4864 1365 4944 communis,
1390 4853 1393 4954 l
1417 4884 1521 4952 posse
1551 4859 1717 4929 distribui
1746 4876 1974 4953 putaverunt.
2033 4866 2169 4936 Eorum
2198 4883 2406 4941 controver-

381 4980 440 5049 ut,
473 4966 658 5058 Quidquid
683 4966 883 5056 appetitur,
912 4967 1047 5037 bonum
1073 4979 1144 5046 cst;
1178 4965 1287 5035 Cuius
1314 4966 1366 5035 vis
1391 4961 1395 5070 ξ’
1417 4964 1508 5034 siam
1530 4987 1605 5031 non
1626 4953 1894 5037 incommodum
1919 4969 2078 5052 videtur,
2114 4995 2195 5038 cunt
2223 4985 2406 5043 utrorum·

380 5071 505 5159 repelli
522 5068 664 5150 debuit,
690 5067 719 5137 is
734 5068 811 5137 iure
827 5091 950 5140 caesus
966 5083 1035 5152 est,
1060 5069 1189 5137 deinde
1206 5092 1365 5138 caussam
1419 5089 1488 5160 que
1502 5066 1643 5135 ratione
1658 5092 1847 5160 exponere.
1897 5070 1990 5142 Nam
2007 5086 2042 5141 et
2056 5072 2174 5143 brevis
2188 5086 2252 5158 est,
2279 5089 2315 5144 et
2330 5099 2405 5146 non

379 5168 449 5241 hoc
467 5173 644 5241 axiomate
661 5194 883 5260 expressam,
909 5183 1086 5263 compone
1106 5173 1186 5240 cum
1207 5172 1366 5241 subiecto
1419 5170 1614 5251 eiusmodi,
1639 5184 1680 5241 ut
1696 5174 1798 5241 alteri
1813 5197 1960 5264 prorsus
1974 5172 2066 5244 nihil
2080 5176 2197 5245 dicere
2221 5190 2407 5269 putentur,

359 5299 442 5344 scu
456 5275 577 5364 priore
591 5287 693 5365 parte
709 5269 895 5357 thematis,
920 5276 969 5343 ita
986 5288 1068 5367 apte
1089 5288 1259 5367 sequetur
1283 5297 1368 5343 con·
1419 5285 1456 5341 et
1469 5273 1568 5342 locus
1585 5268 1642 5342 hic
1654 5275 1757 5344 nobis
1774 5275 1813 5343 in
1829 5277 1980 5346 dicendo
2003 5277 2150 5346 minime
2175 5280 2406 5371 negligendus

379 5378 548 5448 clusionis
564 5399 626 5448 seu
644 5376 701 5470 (ut
716 5375 841 5458 Cicero
857 5377 980 5471 vocat)
1002 5377 1259 5470 complexionis
1278 5378 1367 5460 vice,
1419 5376 1571 5445 videtur.
1623 5376 1696 5469 Qui
1711 5390 1841 5469 putant
1861 5380 1899 5448 in
1920 5381 2077 5474 quinque
2098 5382 2264 5452 distribui
2285 5395 2406 5475 partes

381 5475 512 5551 thema.
564 5480 661 5564 llaec
684 5480 830 5574 quidem
854 5481 1050 5572 syllogismi
1072 5494 1201 5551 natura
1226 5493 1297 5564 est,
1333 5493 1368 5548 et
1420 5473 1624 5570 oportere,‘
1647 5481 1749 5549 aiunt
1780 5483 1937 5571 primum
1971 5484 2184 5568 convenire,
2227 5509 2406 5576 exponere

1419 5607 1594 5652 summam
1611 5585 1941 5674 argumentationis,
1966 5588 2011 5654 ad
2026 5582 2123 5657 bunc
2135 5589 2302 5656 modum:
2330 5586 2405 5658 Me-

414 5716 462 5779 tt)
481 5717 583 5769 annot.
601 5727 704 5784 ntra:
727 5714 872 5780 sustene
947 5711 949 5716 '
1316 5705 1318 5714 '
1422 5743 1627 5756 ...m-

413 5821 463 5880 ⁴³)
480 5822 582 5872 Annot.
601 5832 706 5885 marg:
730 5817 813 5870 nabo
830 5816 1010 5881 commend!
1026 5817 1196 5886 syllogismi.
1455 5815 1506 5880 tt)
1523 5819 1587 5871 stit.
1608 5817 1720 5871 Fabium
1736 5817 1944 5880 outadtlsuuss.
