5534 6700
376 571 452 645 205
612 648 629 676 ,
799 582 806 591 ·
957 553 1081 625 PHlL.
1116 553 1229 625 MEL.
1265 553 1468 626 SCRIPTA
1500 554 1839 630 PHILOLOGle
2339 574 2420 647 204

375 740 527 814 molestia,
557 753 624 793 cum
651 749 706 809 per
728 729 935 804 Turiogiacum
962 728 1069 787 saltum
1097 738 1129 787 et
1150 727 1288 786 Nariscos
1317 739 1381 787 tuos
1410 728 1540 786 eundum
1563 729 1630 786 erit.
1682 727 1747 788 Etsi
1769 741 1799 788 te
1822 728 1942 808 quidem
1964 729 2291 796 habiturumcomitem
2312 739 2418 796 Bella.

376 827 500 888 rhodum
530 821 678 890 audimus,
706 832 771 871 cum
801 833 859 891 qno
889 814 928 872 ita
958 824 1045 871 erunt
1075 814 1185 888 multa,
1214 829 1289 889 quae
1312 812 1396 873 voles
1416 832 1451 872 ac
1473 814 1572 890 cupies
1596 814 1692 890 loqui,
1722 825 1754 873 et
1775 824 1886 874 tanum
1909 814 1948 875 de
1968 816 2049 875 illius
2071 807 2294 896 σονομιλὴσει
2314 824 2417 899 capies
2457 856 2462 863 -

375 913 572 989 voluptatem,
603 913 635 959 ut
664 916 762 977 neque
789 898 1008 957 desideraturus
1037 900 1123 957 aliam
1153 897 1402 973 sublevationem,
1438 916 1537 976 neque
1564 898 1835 975 interpellationem
1863 899 1954 959 ullam
1981 899 2160 961 admissurus
2181 919 2248 961 ease
2270 906 2416 967 ridearis:

375 1000 487 1058 Verum
512 995 541 1048 in
570 983 760 1064 praefectura
787 985 863 1042 bunc
891 983 1016 1042 fortasse
1045 983 1229 1061 relinquetis.
1286 984 1324 1039 At
1346 983 1416 1042 inde
1437 985 1525 1042 etiam
1546 983 1598 1062 qni
1620 999 1674 1042 ros
1695 996 1911 1064 prosequantur
1934 985 2078 1045 ltabebitis
2099 996 2184 1046 natm
2207 984 2356 1067 hominen,
2385 1005 2417 1051 et

376 1085 418 1144 tui
438 1076 570 1154 inprimis
593 1082 734 1129 amantes.
781 1067 888 1154 llenies
910 1071 1016 1143 etiam,
1038 1078 1069 1126 ut
1090 1070 1212 1145 opinor,
1234 1066 1273 1124 ad
1295 1067 1480 1145 praefectum
1495 1068 1591 1148 Regio
1613 1069 1721 1146 monti,
1742 1071 1825 1129 cuius
1847 1068 2014 1130 humanitas
2036 1076 2068 1130 et'
2089 1073 2215 1131 suavitas
2237 1084 2327 1153 atque
2340 1096 2415 1157 pro.

374 1168 452 1229 fecto
474 1163 563 1219 etiam
585 1158 744 1235 sapientia,
773 1174 830 1212 non
852 1154 993 1231 relinquit
1014 1155 1111 1211 locum
1131 1153 1236 1211 alienis
1254 1152 1514 1230 disputationibus.
1558 1155 1634 1213 Nam
1655 1155 1734 1225 illic,
1763 1174 1821 1232 quo
1842 1155 1958 1233 tendis,
1980 1161 2038 1217 scio
2061 1158 2115 1216 tibi
2137 1158 2211 1217 tales
2233 1178 2335 1236 curas,
2357 1181 2415 1220 ne.

373 1253 517 1331 gotiorum
546 1255 661 1302 tuorum
692 1240 925 1317 occupationibus
952 1251 983 1298 et
1010 1239 1150 1296 carissimi
1177 1237 1229 1296 tibi
1255 1237 1339 1295 amici
1367 1240 1520 1318 colloquiis
1550 1239 1670 1318 penitus
1692 1257 1849 1298 excussum
1876 1240 1923 1298 iri.
1975 1240 2037 1302 Sed
2060 1256 2090 1302 tu
2116 1243 2207 1302 habes
2228 1244 2413 1324 Sadoletum,

375 1355 463 1416 quern
491 1330 617 1389 voluisti.
666 1325 738 1386 Mihi
766 1324 884 1403 quidem
908 1342 1004 1403 nuper
1024 1324 1111 1385 istinc
1133 1341 1253 1384 reverso
1275 1325 1412 1404 domum,
1426 1325 1604 1406 .regustanti
1625 1325 1782 1402 scriptum,
1810 1326 1922 1406 placuit
1946 1327 2097 1386 consilinm
2120 1329 2217 1406 operis
2240 1339 2270 1387 et
2289 1331 2413 1391 imitatio

374 1417 564 1498 antiquitatis.
615 1417 657 1473 Ac
683 1413 722 1470 de
751 1418 932 1489 utraque're
953 1411 1002 1469 rel
1027 1412 1124 1488 potius
1148 1413 1186 1470 de
1208 1421 1268 1468 toto
1290 1412 1384 1488 opere'
1405 1423 1486 1472 tuum
1509 1406 1646 1473 iudicium
1669 1413 1706 1471 ad
1730 1434 1781 1473 nos
1802 1416 1974 1493 perscribes.
2016 1414 2177 1493 Cesparem
2199 1413 2254 1474 hoc
2275 1425 2413 1496 tempore

373 1509 442 1567 binc
464 1501 626 1580 expatiari,
655 1499 779 1555 moleste
801 1496 950 1569 ferebam,
979 1516 1045 1554 cum
1066 1497 1188 1555 instaret
1210 1483 1431 1576 ἄρχοιρεσίο,
1462 1501 1492 1556 in
1515 1518 1573 1577 qna
1594 1498 1786 1578 χειροτονία
1807 1500 1897 1577 ipsius
1919 1509 2036 1587 potqrat
2057 1516 2106 1558 me
2128 1519 2203 1559 nors
2224 1502 2414 1564 solicitudine

375 1594 513 1652 liberare.
562 1585 645 1643 Hanc
675 1582 830 1660 epistolam
859 1583 883 1638 si
909 1583 1036 1659 accipies
1064 1594 1135 1641 aute
1166 1583 1224 1639 iter
1255 1592 1355 1652 tunm,
1382 1582 1431 1642 fac
1460 1585 1601 1643 rescribas
1623 1584 1722 1661 uobis,
1751 1585 1920 1662 priusquam
1942 1583 2153 1662 proficiscaris,
2185 1587 2240 1645 hoc
2259 1587 2330 1646 mibi
2352 1590 2413 1647 erit

374 1675 578 1758 vamum·
620 1669 717 1728 Efiam
740 1685 779 1725 ²¹
800 1667 908 1725 itinere
932 1668 1019 1725 'elim
1041 1661 1170 1746 φθίῐᾶί
1189 1660 1275 1747 πρός
1296 1654 1383 1745 ἢίίᾶς
1407 1670 1507 1727 literas
1531 1683 1610 1744 tuas,
1638 1689 1696 1727 nou
1718 1672 1813 1730 solum
1833 1669 1871 1728 ad
1895 1671 2051 1730 levandam
2071 1671 2287 1731 solicitudinem
2300 1689 2410 1749 mearn,

373 1778 460 1842 quem
483 1758 624 1834 relinquit
646 1755 727 1812 nobis
740 1763 799 1896 (qua
815 1753 1035 1895 lperegrinatio,
1063 1754 1117 1812 sed
1136 1746 1198 1811 ἵνα
1219 1739 1364 1832 pessit?
1386 1743 1430 1814 ἂν
1452 1744 1682 1835 adoperiretur.
1721 1756 1806 1815 liene
1828 1763 1859 1813 et
1880 1753 2009 1816 feliciter
2031 1757 2100 1815 vale
2121 1775 2188 1816 cum
2208 1757 2319 1816 familia
2340 1759 2409 1816 nni.

373 1863 469 1907 versa.
512 1843 592 1902 Prid.
614 1842 717 1899 lduurn
768 1849 814 1896 cto
836 1839 884 1897 ris.

707 2000 917 2101 ,foeobissss
939 2003 1155 2068 &marius
1177 2003 1340 2087 Philippo
1361 2003 1617 2070 Μιίοιιοίιιίιοιιι·
1641 2005 1683 2072 V.
1707 2007 1919 2080 auriasicen,
1952 2003 1986 2069 S.
2007 2003 2055 2069 D.

501 2132 582 2190 Haec
610 2128 732 2205 scripsi,
767 2144 831 2183 curu
860 2127 915 2183 mm
946 2139 1023 2185 esset
1051 2126 1228 2204 deponenda
1254 2126 1420 2204 provincia,
1453 2128 1520 2204 rel,
1551 2131 1575 2186 si
1603 2130 1711 2204 mavis,
1737 2128 1905 2188 abeundum
1936 2129 2107 2206 magistratu
2137 2130 2271 2187 semestri
2298 2139 2408 2188 nostro.

372 2222 474 2300 accepi
495 2228 593 2275 antem
616 2213 716 2272 literas
737 2230 796 2269 uua
818 2230 884 2267 curn
907 2212 978 2268 libro
1001 2212 1166 2288 aCaspare
1189 2225 1286 2271 nostro
1309 2222 1373 2271 tuas
1395 2212 1434 2270 ad
1458 2230 1610 2290 vesperam
1633 2215 1765 2291 hesterni
1786 2214 1863 2291 diei,
1891 2232 1950 2292 qno
1973 2224 2106 2290 tempore
2128 2214 2241 2292 Caspur
2262 2233 2318 2273 uns
2339 2233 2408 2272 cum

371 2310 493 2369 Erasmo
515 2301 555 2360 ad
577 2319 628 2357 nos
650 2297 740 2356 venit.
784 2316 819 2355 ac
840 2307 901 2354 tnm
923 2297 1042 2373 quidem
1068 2297 1170 2355 librum
1193 2298 1325 2376 inspexi,
1352 2295 1406 2357 sed
1428 2299 1507 2376 quod
1528 2318 1595 2358 cum
1617 2301 1787 2378 gratissimis
1808 2301 1970 2377 hospitibus
1991 2299 2119 2376 colloqui
2139 2299 2179 2358 de
2201 2299 2334 2376 pluribus
2354 2318 2410 2357 cn-

371 2410 492 2473 perem,
520 2398 551 2444 et
578 2385 708 2442 omnibus
735 2400 831 2459 paene
861 2383 1016 2440 momentis
1036 2383 1247 2459 interpellarer
1274 2385 1312 2442 ab
1334 2384 1385 2457 iis,
1415 2385 1529 2480 quibos,
1540 2387 1649 2463 negotii
1669 2386 1781 2464 aliquid
1803 2403 1901 2442 coram
1923 2401 1972 2441 me
1992 2395 2073 2457 erat,
2094 2383 2199 2462 legere
2219 2384 2292 2442 nihil
2313 2385 2410 2464 potui.

370 2474 442 2540 Post
462 2491 583 2533 coenam
605 2481 703 2528 antem
725 2469 762 2526 ad
785 2468 936 2525 lucernam
958 2484 1029 2524 sane
1052 2467 1159 2525 multas
1182 2465 1316 2545 pagellas
1337 2464 1469 2550 confeci,
1491 2488 1525 2528 ac
1545 2472 1731 2551 praeclarum
1754 2469 1823 2527 mihi
1845 2470 1984 2547 scriptum
2007 2470 2100 2527 visum
2121 2480 2184 2542 est,
2206 2481 2238 2529 et
2257 2470 2410 2528 consimile

371 2567 495 2626 aliorum
524 2558 610 2615 huius
638 2555 747 2612 autoris
775 2552 900 2609 hominis
920 2553 1091 2629 politissimi.
1135 2555 1192 2611 etsi
1210 2554 1355 2631 quaedam
1376 2553 1407 2609 in
1426 2573 1539 2616 summa
1560 2557 1714 2639 diligentia
1734 2554 1909 2614 eruditionis
1929 2554 2009 2613 illius
2030 2554 2176 2613 desidero.
2221 2555 2410 2613 Concedatur

372 2651 452 2712 enim
480 2646 537 2705 boc
565 2654 597 2701 et
626 2639 707 2699 nobis
736 2649 769 2697 nt
788 2633 926 2696 iudicium
950 2636 1090 2695 faciamus
1119 2651 1150 2696 et
1173 2639 1213 2697 de
1233 2639 1382 2697 hominnm
1405 2644 1437 2697 et
1458 2641 1498 2699 de
1519 2643 1705 2719 scriptionum
1729 2657 1843 2719 genere
1863 2641 1935 2716 istu,
1963 2640 2012 2698 rel
2031 2641 2059 2697 si
2078 2640 2130 2696 illa
2156 2639 2239 2715 quasi
2267 2639 2409 2697 divinitas

370 2730 557 2811 suspicienda
578 2737 692 2788 tantum
715 2734 761 2781 est
780 2723 878 2797 nobis,
910 2723 1003 2781 relnti
1026 2717 1241 2802 ἐπιχθονίοις
1262 2725 1423 2784 laudentur
1445 2744 1516 2785 sane
1538 2738 1570 2786 et
1590 2728 1768 2805 pulcerrima
1790 2743 1856 2784 esse
1876 2722 2088 2804 perhibeantur
2108 2725 2259 2796 universa,
2288 2722 2342 2780 sed
2366 2723 2410 2780 de

319 2854 333 2872 .
369 2819 416 2879 bis
437 2835 533 2876 coram
555 2809 722 2891 aliquando.
766 2807 866 2866 Meum
888 2810 947 2866 iter
968 2807 1064 2867 adhuc
1085 2807 1239 2882 differtur,
1261 2819 1429 2868 remorante
1450 2830 1502 2870 nos
1516 2813 1714 2886 Ballorbodo,
1736 2813 1787 2890 qni
1809 2812 1935 2889 primum
1956 2819 2072 2867 terrore
2089 2809 2213 2886 quodam
2230 2808 2410 2865 narrationis

369 2905 443 2964 illud
475 2899 602 2974 retudit,
630 2913 710 2955 nuno
736 2894 899 2952 cessatione
920 2911 973 2951 sua
995 2896 1137 2954 retardat.
1188 2895 1399 2954 Censtituimus
1421 2907 1520 2955 tamen
1540 2898 1578 2957 ad
1601 2898 1680 2956 diem
1699 2899 1865 2974 proximum
1887 2892 2409 2954 xtltt.cu.n10vemb.tttodnos

367 2993 551 3067 ingressuros
572 3001 646 3042 esse.
689 2982 736 3037 'l'e
759 2979 807 3036 rix
829 2987 935 3054 putant
955 2977 1013 3035 hnc
1035 2993 1192 3039 venturum
1213 2981 1251 3040 ad
1272 2981 1408 3058 nuptias,
1428 2980 1560 3041 futurum
1581 2984 1662 3043 enim
1680 2983 1746 3041 istic
1767 2982 1956 3055 dictatorern,
1978 2990 2010 3038 nt
2029 2990 2061 3037 tn
2078 2978 2224 3056 appellas.
2268 2977 2315 3036 De
2328 2977 2406 3036 libro

368 3076 445 3134 seire
466 3071 569 3146 cupio,
590 3067 671 3125 cuius
691 3065 744 3122 ille
765 3063 818 3136 sit,
839 3073 872 3120 nt
894 3062 1021 3138 pretium
1043 3065 1187 3142 solratur,
1215 3084 1282 3124 nam
1302 3065 1368 3125 volo
1390 3084 1457 3124 eum
1481 3070 1621 3129 retinere.
1664 3068 1750 3129 Nunc
1770 3066 1810 3125 sd
1831 3077 1861 3125 te
1882 3066 1968 3124 venio
1991 3083 2055 3123 cum
2079 3064 2222 3141 petitione
2243 3081 2334 3142 parva
2353 3063 2407 3123 illa

368 3157 489 3239 quidem
519 3165 550 3212 et
577 3152 675 3226 facili,
704 3148 756 3207 sed
788 3165 875 3224 quam
903 3147 1027 3206 obtineri
1054 3150 1212 3227 plurimum
1241 3153 1367 3211 interest
1387 3151 1467 3228 eius,
1497 3156 1542 3214 cui
1564 3173 1617 3213 nos
1638 3155 1715 3213 hanc
1735 3170 1856 3232 operam
1878 3151 1991 3211 damus.
2045 3151 2107 3208 Res
2129 3159 2229 3207 atttem
2252 3148 2325 3209 haec
2347 3159 2405 3209 est.

368 3244 478 3305 Noster
498 3240 596 3317 Papa,
623 3238 647 3294 is
669 3237 713 3292 vir
738 3251 825 3312 quem
848 3232 887 3290 de
908 3235 1090 3293 sermonibus
1113 3238 1219 3296 nostris
1241 3237 1419 3315 cognovisti,
1447 3237 1479 3297 id
1500 3250 1563 3315 est,
1591 3241 1675 3317 pius,
1702 3238 1827 3318 probus,
1848 3237 1993 3315 diligens,
2022 3224 2227 3316 ἄχρὴματος,
2248 3245 2316 3315 post
2337 3232 2403 3292 edi-

368 3342 430 3392 tnm
453 3344 470 3384 a
493 3342 539 3383 me
561 3323 704 3404 permissu
727 3329 777 3378 tuo
798 3317 1016 3379 Grammaticos
1038 3319 1173 3382 Graecae
1195 3322 1344 3396 libellum,
1372 3321 1462 3383 etiam
1483 3324 1620 3385 Latinum
1643 3324 1780 3386 emittere
1804 3334 1906 3402 parat,
1935 3339 2004 3381 eum
2025 3340 2112 3400 quem
2134 3318 2273 3397 Micyllus
2301 3328 2403 3378 noster

367 3412 523 3476 verissimis
543 3429 561 3467 a
583 3421 613 3467 te
634 3417 755 3467 ornatus
776 3403 926 3481 laudibus,
948 3404 1094 3483 quondam
1116 3407 1199 3467 dedit
1220 3410 1301 3468 nobis
1323 3408 1473 3488 aliquanto
1493 3411 1668 3488 pleniorem.
1710 3410 1773 3468 Hoc
1793 3407 1860 3467 fieri
1882 3419 1913 3466 te
1934 3408 2046 3465 sciente
2067 3417 2098 3464 et
2120 3402 2323 3464 consentiente
2344 3405 2402 3461 rni-

367 3500 451 3574 vilioe
479 3497 542 3555 vult
570 3507 600 3553 et
625 3495 753 3565 laborat,
782 3501 813 3549 et
841 3491 873 3547 in
894 3490 950 3548 hoc
973 3510 1030 3550 noo
1054 3504 1113 3550 tarn
1133 3509 1301 3554 successum
1321 3509 1438 3552 omnem
1460 3491 1596 3555 editionis
1619 3498 1707 3554 situm
1728 3511 1808 3565 esse,
1844 3511 1931 3571 quarn
1953 3491 2198 3550 existimationem
2220 3509 2303 3550 suam
2326 3489 2404 3547 verti

367 3586 534 3646 arbitratur.
577 3578 718 3657 Confugit
737 3578 827 3658 igitur
848 3576 888 3634 ad
910 3595 958 3635 me
980 3588 1012 3636 et
1033 3577 1257 3639 intercessorem
1280 3598 1327 3638 me
1347 3579 1403 3637 sibi
1424 3598 1491 3639 esse
1512 3583 1637 3659 expetit.
1681 3581 1871 3657 Quapropter
1893 3590 1940 3653 te,
1968 3578 2009 3633 mi
2029 3572 2184 3653 Philippe,
2207 3578 2403 3635 vehementer

367 3674 456 3731 etiam
481 3678 571 3746 atque
600 3667 687 3725 etiam
715 3659 845 3742 rogo*),
875 3664 1001 3741 primum
1030 3675 1061 3721 nt
1090 3664 1119 3721 in
1149 3664 1204 3723 hac
1225 3684 1259 3723 ro
1280 3665 1378 3742 Papae
1401 3663 1546 3725 desiderio
1568 3666 1755 3744 obsequaris,
1787 3661 1910 3721 etmihi
1931 3661 2119 3739 gratificeris,
2149 3665 2199 3739 qni
2221 3662 2266 3719 illi
2290 3660 2401 3737 optime

367 3757 471 3835 cupio,
493 3753 542 3811 rel
563 3754 588 3810 si
609 3764 641 3811 tu
663 3750 749 3807 aliter
771 3764 911 3823 censeas,
932 3748 972 3806 de
992 3746 1050 3805 boc
1071 3748 1161 3808 etiam
1185 3768 1233 3808 me
1255 3750 1361 3809 reddas
1385 3753 1550 3813 certiorem.
1595 3742 1669 3812 Vale
1692 3750 1761 3808 mihi
1782 3747 1950 3808 suavissime
1972 3747 2120 3824 Philippa.
2160 3747 2267 3806 Nostra
2288 3745 2402 3802 familia

367 3849 557 3920 peramanter
575 3852 607 3894 tc
629 3848 660 3893 et
681 3845 746 3891 tuos
768 3849 870 3890 omnes
890 3833 1015 3909 salutat,
1037 3833 1084 3892 Te
1106 3853 1176 3893 vero
1199 3835 1358 3895 officiosiss.
1376 3835 1417 3896 G.
1431 3837 1536 3896 Comes
1557 3848 1667 3897 noster.
1713 3835 1822 3896 lterum
1839 3834 1924 3905 nale,
1946 3829 2040 3891 XVll.
2053 3832 2200 3892 Calendas
2214 3830 2399 3892 Novembris.

554 3998 735 4083 Philippos
756 3981 996 4061 Maloscitltoss
1016 3998 1187 4065 loociimo
1212 4003 1403 4067 manerio
1425 3999 1569 4086 Pederg.
1596 4003 1636 4069 V.
1659 4014 1727 4085 opt.
1749 4006 1857 4066 orrico
1884 4000 1919 4063 S.
1942 4020 2087 4076 maesto,
2116 3998 2153 4063 S.
2174 3999 2220 4063 lt.

493 4129 569 4187 Sunt
590 4124 709 4202 quidem
731 4122 875 4180 scolastici
895 4124 1080 4199 magistratus
1101 4127 1240 4204 opinione
1264 4127 1422 4186 multorum
1443 4144 1542 4205 neque
1564 4128 1707 4204 dignitate
1728 4137 1931 4204 praestantes,
1960 4136 1993 4182 et
2013 4126 2146 4185 laborum
2166 4136 2258 4201 atque
2279 4125 2402 4202 pericu-

366 4220 460 4277 lorum
482 4212 672 4291 singularium
695 4218 852 4285 expertes:
895 4208 997 4286 thue
1020 4209 1173 4269 doctornm
1195 4212 1338 4288 sapientia
1357 4208 1461 4292 χολὴν
1492 4200 1552 4272 etita
1581 4205 1670 4289 ἔχειν
1693 4211 1881 4289 perhibeturc
1917 4212 1957 4267 ita
1978 4210 2081 4268 horum
2102 4212 2182 4269 inter
2204 4211 2281 4286 ipsos
2303 4210 2404 4265 admi-

364 4302 498 4362 nistratio
512 4299 588 4356 lenis
601 4309 632 4353 et
654 4294 770 4372 placida
792 4305 822 4351 et
845 4305 907 4353 tnta
929 4312 995 4353 esse
1018 4298 1158 4355 creditur.
1202 4298 1248 4354 Tu
1272 4306 1371 4356 tamen
1392 4298 1526 4376 profecto
1547 4310 1579 4357 et
1602 4297 1717 4356 sensisti
1738 4316 1817 4355 nnuc
1839 4296 1927 4354 etiam
1949 4306 2059 4373 quanta
2079 4295 2213 4355 molestia
2231 4294 2269 4351 sit
2289 4287 2329 4354 ἐν
2349 4289 2404 4373 uqi

365 4381 500 4472 ἄρχειν,
522 4394 553 4441 et
568 4392 711 4440 semestre
728 4389 810 4436 tuum
827 4378 942 4438 finitum
961 4398 1029 4440 esse
1051 4382 1137 4441 valde
1159 4382 1287 4441 laetaris.
1330 4386 1429 4461 Atque
1451 4393 1550 4441 essent
1571 4382 1696 4441 fortasse
1719 4384 1749 4438 in
1771 4383 1878 4441 nostris
1902 4374 2150 4457 πολιτεύμασιν
2169 4377 2268 4437 facilia
2289 4379 2403 4454 omnia,

365 4477 390 4535 si
420 4492 477 4529 non
508 4466 675 4528 scolasticus
703 4464 775 4521 ordo
800 4464 952 4540 iniquitate
974 4467 1100 4543 quadam
1122 4469 1171 4526 vel
1194 4467 1344 4525 hominum
1366 4468 1416 4526 vel
1438 4480 1604 4546 temporum
1626 4468 1757 4545 graviter
1779 4468 1934 4527 laboraret.
1984 4466 2159 4545 Experimur
2179 4466 2259 4523 enim
2282 4465 2314 4521 in
2334 4462 2400 4520 dies

364 4575 484 4635 magnas
505 4565 537 4612 et
556 4550 695 4609 difficiles
713 4548 948 4624 adversationes,
971 4569 1036 4609 cnm
1058 4553 1161 4630 quibus
1182 4555 1265 4610 nobis
1287 4563 1333 4611 est
1354 4554 1543 4628 luctandum,
1564 4553 1669 4632 impari
1690 4553 1808 4630 quidem
1832 4564 1993 4629 apparatu,
2017 4566 2049 4611 et
2069 4550 2225 4612 admodum
2249 4548 2399 4606 dissimili·

363 4647 418 4704 bns
440 4642 539 4720 copiis.
583 4636 658 4720 Nam
683 4634 786 4711 quibus
807 4650 860 4690 nos
881 4634 969 4691 rebus
990 4638 1125 4696 instructi
1147 4656 1263 4707 snmus,
1285 4638 1316 4696 id
1338 4652 1401 4716 est,
1429 4639 1610 4698 humanitate
1632 4649 1662 4697 et
1684 4639 1778 4697 literis
1800 4650 1831 4696 et
1853 4639 1993 4696 mediocri
2012 4637 2176 4696 eruditione
2196 4652 2231 4694 ao
2255 4634 2399 4710 doctrina,

364 4747 419 4789 eae
442 4744 540 4805 neque
561 4724 664 4783 firmae
685 4719 755 4778 satis
775 4717 814 4775 ad
834 4721 1067 4803 protegendum,
1090 4741 1187 4802 neque
1210 4722 1325 4782 validae
1346 4724 1385 4783 ad
1407 4725 1630 4785 defendendum
1652 4724 1843 4801 reperiuntur
1865 4722 1919 4781 boc
1941 4736 2094 4802 temppre,
2114 4740 2171 4800 quo
2192 4720 2282 4777 animi
2303 4719 2399 4777 bomi-

361 4835 433 4873 num
456 4812 622 4870 diritiarum
646 4820 676 4867 et
698 4803 848 4885 potentiae
870 4806 1030 4881 splendore
1053 4810 1148 4886 capti,
1179 4807 1287 4867 favoris
1309 4821 1340 4868 et
1362 4811 1584 4870 existimationis
1608 4808 1690 4887 qnasi
1714 4808 1823 4867 uiribus
1843 4808 1998 4867 destitutas
2019 4809 2085 4865 illus
2108 4804 2269 4884 imbecilles
2290 4815 2321 4861 et
2343 4800 2400 4864 dv-

364 4893 515 4977 νικὴτοος
543 4896 706 4970 relinqunt.
754 4890 831 4948 Nam
860 4891 939 4969 quod
962 4893 999 4952 sit
1021 4893 1251 4953 adversariorum
1272 4896 1377 4971 robur,
1405 4915 1481 4975 quae
1502 4908 1533 4954 et
1555 4913 1643 4973 quam
1665 4894 1758 4952 densa
1778 4895 1912 4973 agmina,
1940 4894 2165 4971 quaesitorum
2188 4906 2400 4966 armorumque

363 4984 531 5057 instructio,
559 4978 631 5037 nihii
660 4989 706 5035 est
733 4993 857 5034 necesse
886 4978 1043 5054 perscribi,
1073 4980 1246 5057 praesertim
1270 4979 1307 5037 ad
1330 4990 1377 5057 te,
1411 4999 1499 5058 quem
1521 4979 1628 5039 certius
1649 4980 1745 5037 ornnia
1766 4997 1853 5057 quam
1876 4978 1986 5053 velles,
2017 4997 2073 5035 non
2096 4976 2242 5035 audiendo
2264 4974 2319 5032 sed
2341 4991 2399 5031 ex-

362 5067 506 5149 periundo
535 5064 712 5139 comperisse
741 5062 810 5119 scio.
859 5064 955 5140 Atque
982 5064 1092 5122 utinam
1122 5074 1199 5123 esset
1227 5064 1306 5123 iuter
1334 5084 1386 5126 eos
1416 5068 1502 5126 modo
1533 5065 1688 5125 concordia
1715 5075 1747 5122 et
1775 5064 1938 5123 animorum
1966 5062 2208 5139 voluntatumque
2230 5060 2399 5136 consensio,

362 5171 486 5233 quorum
509 5168 583 5209 nnus
604 5148 676 5205 ordo
698 5159 743 5205 est
765 5146 821 5206 soti
843 5145 908 5224 μία
925 5148 977 5218 τίς
998 5139 1073 5208 οἷον
1095 5148 1285 5231 συμμορία,
1307 5169 1406 5231 neque
1429 5153 1456 5209 ie
1478 5152 1663 5231 professione
1684 5150 1861 5227 pulcerrima
1883 5150 2057 5228 optimarum
2081 5149 2230 5206 literarum
2244 5160 2274 5204 et
2288 5146 2399 5202 artium

361 5248 577 5317 usurparentur
601 5233 777 5290 alienissima
805 5234 902 5291 studia
929 5235 1108 5311 pertinaciae
1129 5248 1160 5294 et
1182 5238 1428 5313 malevolentiae,
1460 5239 1500 5295 ita
1530 5238 1608 5295 enirn
1637 5237 1742 5294 melius
1764 5235 1812 5293 vel
1835 5235 1967 5294 cedendo
1989 5235 2039 5293 rel
2060 5232 2240 5308 dimicando,
2275 5231 2301 5286 si
2322 5248 2399 5307 opus

361 5335 458 5400 esset,
487 5324 611 5382 salntem
639 5335 791 5396 possemus
820 5318 914 5396 tueri,
949 5338 1017 5378 nam
1047 5320 1220 5400 dignitatem
1249 5322 1327 5402 qnod
1356 5339 1511 5400 speremus
1539 5323 1613 5381 nibil
1642 5332 1705 5397 est,
1737 5340 1824 5399 quain
1852 5340 1971 5399 prorsus
1991 5321 2147 5379 amisimus.
2194 5317 2272 5374 Dicit
2295 5326 2399 5388 noster

361 5412 432 5470 civis
453 5404 668 5467 Demosthenes
697 5401 876 5478 locupletem
906 5422 971 5463 esse
1000 5408 1210 5486 rempublicam
1240 5426 1323 5483 earn,
1353 5426 1431 5486 quae
1451 5410 1591 5467 societate
1615 5418 1646 5465 et
1667 5407 1727 5463 fide
1749 5416 1780 5464 et
1803 5407 2008 5465 benevolentia
2029 5417 2187 5481 augeatur,
2216 5401 2320 5479 quibus
2342 5419 2399 5457 no·

360 5508 439 5556 strae
467 5494 533 5552 fere
563 5490 786 5550 communitates
816 5507 1002 5567 nequaquam
1029 5494 1189 5554 abundant.
1239 5492 1299 5552 Sed
1329 5493 1403 5551 haec
1431 5493 1470 5553 de
1500 5493 1624 5572 quodam
1655 5510 1742 5550 sensu
1773 5493 1909 5551 miseriae
1938 5501 2055 5548 nostrae
2084 5488 2226 5571 copiosius
2248 5485 2399 5562 disputavi

360 5600 448 5660 qnam
471 5580 569 5638 debui.
613 5576 652 5634 Et
675 5572 859 5648 cogitandum
887 5576 969 5633 nobis
991 5588 1052 5652 est,
1075 5597 1141 5638 oum
1164 5589 1262 5638 nostra
1285 5578 1396 5637 delicta
1416 5588 1475 5637 tarn
1497 5579 1602 5656 prioris
1623 5596 1710 5655 quarn
1733 5578 1917 5656 quotidianae
1938 5578 2016 5635 vitae
2037 5574 2147 5634 mereti
2167 5571 2400 5631 animadversio-

361 5742 466 5749 ——0—

394 5828 425 5897 *)
442 5828 542 5897 rugo‚]
565 5830 615 5880 tto.
635 5828 711 5879 ibbo.
730 5832 841 5893 typogr.
861 5841 973 5881 errore:
998 5843 1078 5897 roga,
