5534 6700
1087 632 1211 706 PHlL.
1236 631 1351 705 MEL.
1377 627 1582 704 scalpra
1607 627 1945 705 PHILOLOGICA.

501 645 554 717 2⁸
2484 639 2542 713 24

606 807 704 899 Ergo
722 821 774 877 est
789 806 858 875 alia
875 804 954 875 toni
970 805 1121 890 Graeci,
1154 806 1223 874 alia
1240 803 1364 873 Latini
1387 804 1495 875 ratio.
1651 801 1856 896 Aliquando
1886 827 1973 874 vero
2002 805 2040 875 in
2072 807 2157 878 solis
2180 806 2316 877 ultimis
2337 831 2406 899 pro
2430 824 2537 880 acuto

440 955 444 965 -
504 909 680 983 Iudicium
702 909 825 978 Latini
850 923 903 979 est
926 933 945 977 e
967 910 1187 999 penultima;
1220 908 1270 977 sic
1296 908 1391 975 enim
1416 907 1496 975 illo·
1547 904 1717 975 scribitur
1733 906 2008 999 consequentiae
2027 933 2132 981 causa
2150 912 2187 978 iu
2203 910 2431 1000 legendo,·et
2448 936 2539 1005 qua-

505 1039 587 1085 rum
606 1013 849 1103 grammatici:
882 1011 1087 1082 Penultima
1102 1012 1232 1099 longa,
1258 1022 1423 1080 accentus
1444 1021 1497 1079 est
1548 1006 1578 1077 si
1595 1003 1856 1079 cohaerentiae.
1909 1008 1999 1103 Quis
2016 1012 2110 1081 enim
2127 1037 2202 1082 non
2218 1012 2342 1084 audiat
2356 1013 2539 1084 lubentius

506 1115 546 1184 in
565 1118 703 1187 eadem.

612 1217 734 1310 Quare
763 1217 858 1285 dices
889 1211 1018 1281 Latine
1049 1212 1269 1304 paracldtus,
1308 1211 1496 1290 dioecesim

511 1319 648 1390 Graece
668 1317 887 1411 paracletus,
914 1313 1095 1386 dio'ecesis.
1148 1316 1246 1408 Quid
1263 1317 1359 1384 enim
1376 1316 1497 1395 refert,

509 1421 645 1499 Graece
662 1421 759 1490 dicas
776 1442 823 1487 an
840 1415 994 1487 Latine?
1020 1420 1131 1488 modo
1145 1442 1220 1487 non
1237 1419 1343 1491 male.

721 1652 723 1655 .
823 1584 1001 1677 Regula
1029 1589 1179 1657 tertia.

611 1724 661 1793 At
676 1723 707 1794 si
723 1745 849 1791 omnes
864 1722 990 1793 breves
1002 1736 1086 1792 sunt
1102 1723 1138 1791 in
1154 1722 1390 1815 polysyllabae,
1416 1743 1498 1816 acu-

510 1839 568 1897 tus
586 1826 692 1897 estin
709 1824 990 1916 antepenultima
1014 1822 1156 1924 i2eyoc,
1183 1823 1290 1906 ileos.

631 2000 633 2007 ⁵
690 2012 752 2082 De
779 2010 1025 2104 disyllabis
1051 2011 1317 2106 seorsim”).
1358 2014 1361 2023 '

790 2148 964 2239 Regula
999 2147 1218 2244 prima⁸⁶).

613 2286 776 2380 Utraque
802 2284 904 2354 brevi
925 2298 1050 2355 acutus
1076 2298 1129 2356 est
1154 2285 1192 2355 iu
1215 2284 1351 2377 priori,
1377 2280 1499 2381 λόγος,

509 2383 645 2482 τύπος,
668 2387 766 2470 ὄνος.
816 2386 911 2460 Nota
928 2388 1110 2471 derivata,
1137 2379 1245 2479 θεός,
1271 2379 1398 2483 σοφός.

805 2539 974 2631 Regula
1001 2542 1212 2612 secunda.

616 2677 779 2770 Utraque
804 2678 911 2767 longa
936 2677 1039 2768 prior
1062 2678 1222 2759 acuitur,
1248 2674 1408 2770 ἄρκτον,
1433 2665 1499 2746 τύ-

511 2805 613 2870 πτω,
642 2777 770 2852 ὄκνου.
822 2778 927 2847 Tolle
942 2780 1087 2870 regulae
1106 2779 1302 2870 superioris
1326 2776 1499 2868 exempla,

510 2885 657 2956 λευκοῦ.
675 2934 677 2938 -

823 3030 1000 3122 Regula
1026 3033 1183 3104 tertia.

613 3167 722 3237 Prior
736 3167 857 3258 positu
871 3167 1000 3258 longa,
1021 3170 1122 3239 brevi
1139 3182 1322 3265 sequente,
1347 3169 1513 3255 acuitur,

512 3268 644 3367 ἄρτος,
679 3267 808 3360 ὄκνος,
840 3267 995 3363 μάντις,
1028 3266 1186 3369 μάρτυς.
1244 3271 1498 3344 Derivatorum

513 3369 644 3443 cohors
670 3373 836 3455 tollatur,
856 3372 1019 3468 χριστός.
1086 3375 1089 3383 '

790 3520 983 3614 ,Regula
1012 3489 1190 3618 quarta.

614 3659 722 3729 Prior
740 3660 873 3743 brevis,
893 3661 998 3752 longa
1018 3676 1199 3757 sequente,
1214 3664 1365 3747 acuitur,
1391 3659 1501 3765 λέγω,

510 3759 655 3853 τύπου,
678 3760 788 3857 ἅβαξ.
838 3763 933 3834 Nota
962 3763 1183 3849 differentia,
1214 3779 1255 3836 ut
1280 3763 1376 3856 θέα,
1409 3764 1501 3853 dach

510 3864 598 3933 item
625 3864 806 3947 derivata,
840 3879 881 3935 ut
902 3858 1035 3957 χιτών.
1101 3867 1184 3960 Quo
1211 3882 1245 3938 te
1270 3871 1351 3937 loco
1378 3893 1501 3939 rursus

512 3968 691 4035 admoneo
708 3968 851 4057 regulae
869 3969 1130 4060 suprapositae
1146 3974 1190 4039 de
1206 3972 1373 4066 obliquis,
1399 3965 1501 4062 θεός,
1587 3997 1589 4002 “

511 4067 630 4159 θεοῦ,
655 4068 758 4165 θεῷ,
784 4062 880 4159 θεά,
911 4068 1020 4155 θεᾶς,
1051 4070 1127 4168 θεᾷ
1141 4071 1202 4167 ⁸⁷).

643 4191 704 4292 De
731 4222 862 4314 gravi
888 4248 963 4295 seu
990 4226 1219 4318 syllabico
1246 4235 1370 4296 tono.

614 4358 745 4430 Gravis
767 4371 894 4441 tonus,
936 4372 989 4429 est
1012 4362 1212 4432 communis
1235 4359 1503 4453 pronuntiatio-

470 4524 473 4529 .
510 4463 570 4534 nis
601 4474 727 4544 tenor,
766 4456 821 4532 his
852 4462 1017 4552 syllabis,
1057 4489 1149 4557 quae
1170 4489 1236 4534 nec
1258 4477 1342 4535 sunt
1363 4476 1502 4548 acutae,

513 4591 580 4637 nec
595 4565 766 4645 inflexae,
792 4559 1020 4655 philosophia
1038 4567 1112 4635 sola
1128 4569 1140 4633 i
1155 4567 1313 4649 acuitur,
1340 4567 1503 4660 reliquae

514 4670 670 4764 syllabae
684 4689 809 4758 graves
824 4677 919 4737 sunt.
965 4667 1141 4742 ¹Deforme
1158 4670 1267 4740 fuerit
1282 4671 1432 4739 sortasse
1448 4681 1503 4737 tot

1548 1105 1670 1204 πατὴρ
1684 1104 1808 1203 ἡμῶν,
1832 1135 1940 1205 quam
1958 1109 2080 1212 πατήρ
2096 1109 2205 1209 ἡμῶν
2221 1115 2411 1207 asperitate
2429 1117 2542 1198 acuti,

1550 1213 1652 1304 qnasi
1678 1226 1897 1304 segregatam
1932 1215 2005 1285 vim
2040 1218 2250 1288 sententiae'
2272 1241 2313 1285 ac
2345 1216 2540 1287 mutilam?

1549 1312 1661 1405 δῆθ’)
1683 1311 1867 1410 μουσικὴν
1893 1314 1984 1414 ἔρως
2003 1312 2193 1411 διδάσκει,
2219 1316 2343 1415 pro')
2366 1318 2457 1418 ἔρως
2479 1314 2541 1394 δι-

1549 1408 1678 1487 δάσκει
1698 1413 1895 1511 μουσικήν.
2507 1414 2512 1421 ’

1654 1516 1722 1586 Sed
1739 1520 1783 1586 de
1798 1520 1901 1609 gravi
1917 1522 2202 1613 disputantibus,
2234 1534 2428 1592 occurrunt
2452 1544 2540 1613 par-

1551 1617 1680 1688 ticulae
1698 1623 1874 1713 quaedam
1892 1624 2114 1696 differentiae
2132 1648 2235 1697 causa
2260 1648 2404 1717 gravem
2430 1635 2538 1692 acuto

1550 1744 1625 1790 non
1648 1732 1848 1807 mutantes,
1882 1751 1948 1796 nec
1972 1741 2139 1811 econtra,
2180 1724 2278 1824 οῖ’)
2300 1722 2541 1818 sicquidem,

1551 1823 1643 1921 οῖ’)
1663 1819 1720 1903 τίς
1743 1825 1849 1918 quis?
1875 1830 1969 1900 inter
1982 1854 2073 1924 quae
2089 1833 2162 1902 duo
2181 1829 2284 1899 facile
2306 1829 2545 1910 internosces,

1552 1949 1631 1995 cum
1647 1925 1727 1994 aliis
1742 1924 1940 2000 adhaerent
1954 1932 2180 2005 dictionibus.
2221 1926 2371 2023 Nam)
2389 1924 2445 2009 τὶς
2458 1927 2543 2022 qui-

1552 2029 1634 2097 dam
1652 2027 1841 2099 encliticon
1856 2045 1928 2117 est,
1953 2029 2009 2115 τίς
2024 2034 2128 2129 quis?
2154 2058 2230 2103 non
2249 2045 2302 2103 est
2316 2031 2519 2101 encliticon.

1653 2127 1780 2200 Obiter
1795 2134 1838 2201 de
1854 2135 2111 2207 enclinomenis
2126 2132 2185 2205 hic
2200 2147 2301 2205 nota.

1566 2253 1569 2268 ·
1601 2234 1732 2303 Nomen
1755 2232 1903 2305 inllectit
1928 2260 2036 2328 supra
2063 2263 2100 2308 se
2126 2251 2271 2308 tonum:
2312 2232 2456 2329 ἤκουσά
2484 2258 2542 2305 τι·

1551 2355 1631 2404 νων
1647 2331 1706 2424 ”).

1589 2437 1778 2552 'Atticulae
1791 2463 1859 2530 pro
1873 2433 1930 2521 τὶς
1942 2454 2148 2531 usurpatus,
2171 2435 2318 2513 δέδωκά
2333 2462 2400 2533 τῳ,
2421 2431 2544 2509 δίδω-

1550 2556 1599 2605 κα
1614 2559 1700 2607 τινι.

1605 2639 1732 2722 Verbo,
1760 2636 1963 2736 φιλόσοφός
1976 2642 2070 2734 εἰμι,
2098 2636 2171 2740 lyci
2186 2665 2293 2736 φημι.

1602 2741 1811 2810 stonomino
1832 2743 2100 2836 monosyllaba,
2125 2734 2292 2822 δέδωκάς
2311 2763 2396 2834 μοι,
2422 2733 2543 2812 δίδω-

1550 2834 1596 2933 μί
1610 2858 1669 2910 σοι
1684 2838 1866 2940 ἀργύριον
1882 2855 1917 2912 et
1931 2842 1979 2942 ΙΙ)
1995 2840 2114 2942 σφίσι.

1601 2944 1772 3016 Aduerbio
1792 2940 1902 3037 ποτὲ,
1930 2941 2030 3040 nole,
2064 2960 2099 3017 et
2120 2945 2281 3017 enclitica
2306 2941 2393 3014 baec
2414 2946 2460 3029 ab
2481 2945 2541 3015 in-

1552 3047 1776 3135 terrogativis
1797 3045 1905 3141 ποτέ,
1930 3055 2009 3132 πῶς
2027 3051 2233 3145 distingues.

1604 3148 1860 3223 marmoreae:
1879 3174 1940 3245 κο,
1965 3179 2029 3252 γε,
2051 3180 2111 3248 τε,
2136 3178 2226 3244 περ,
2260 3164 2302 3222 ut
2325 3146 2542 3244 Τηλέμαχός

1550 3272 1612 3340 το,
1637 3251 1747 3345 σῶμά
1758 3278 1816 3334 τε;
1842 3279 1917 3324 non
1936 3269 2054 3326 autem
2073 3251 2292 3352 Τηλεμάχού
2304 3278 2365 3344 τε,
2377 3253 2449 3321 'sed
2466 3254 2543 3346 Ῥη-

1552 3347 1716 3447 λεμάχοο
1732 3382 1791 3448 το,
1816 3358 1925 3430 unico
1944 3369 2044 3431 tono.
2070 3373 2074 3386 “
2096 3361 2222 3452 Neque
2247 3358 2342 3428 enim
2368 3380 2447 3426 mos
2473 3367 2542 3439 est,

1553 3468 1657 3525 acuta
1681 3460 1879 3550 penultima
1903 3460 1941 3530 in
1962 3462 2127 3530 ultimam
2152 3460 2261 3528 alium
2285 3469 2429 3527 acutum
2453 3480 2543 3525 con-

1552 3556 1767 3658 stituerefl).
1805 3559 1975 3656 Plerique
1991 3561 2309 3654 grammaticorum
2327 3559 2437 3650 longo
2455 3581 2540 3628 exa·

1553 3659 1650 3729 mine
1666 3657 1800 3733 isthaec
1815 3686 1881 3755 per
1906 3664 2138 3755 spondaicas,
2164 3656 2383 3746 trochaicas,
2412 3661 2543 3730 iambi-

1553 3785 1631 3846 cas,
1658 3765 1849 3858 dactylicas
1871 3766 2045 3836 dictiones
2071 3766 2268 3856 vestigant,
2302 3786 2368 3831 nos
2394 3787 2434 3832 ea
2459 3763 2541 3833 aliis

1553 3865 1641 3936 locis
1657 3891 1813 3958 agemus.

1844 4066 1907 4137 De
1934 4069 2245 4140 circumflexo.

1862 4218 2034 4310 Regula
2063 4219 2222 4311 prima.

1656 4356 1849 4450 Nunquam
1868 4370 1921 4427 est
1937 4358 1975 4426 in
1989 4357 2123 4451 syllaba
2139 4357 2241 4427 brevi
2256 4351 2509 4423 circumflexio.
2529 4337 2532 4346 ⁵

1837 4530 2011 4620 Regula
2044 4531 2256 4600 secunda.

1663 4663 1857 4759 Nunquam
1874 4678 1927 4736 est
1944 4667 1982 4733 in
1997 4665 2132 4760 syllaba
2149 4664 2328 4759 positione
2347 4663 2452 4754 longa
2477 4664 2546 4732 cir-

510 4774 629 4864 apices
643 4768 791 4861 singulis
805 4768 950 4862 syllabis
969 4772 1181 4858 inscribere,
1214 4771 1424 4866 praesertim
1448 4771 1503 4839 ni·
1556 4766 1760 4850 cumllexio,
1800 4769 1839 4836 ni
1863 4793 1942 4837 eam
1968 4769 2166 4839 contractio
2189 4779 2343 4838 excuset.
2397 4765 2543 4833 Alicubi

511 4871 564 4943 hil
583 4888 728 4966 praeter
746 4897 973 4943 communem
988 4876 1250 4967 pronuntiandi
1271 4876 1420 4943 modum
1443 4876 1502 4943 de·
1556 4880 1591 4936 et
1606 4868 1762 4962 liquidae
1788 4870 1827 4939 in
1849 4896 1954 4942 causa
1978 4885 2081 4955 sunt,
2114 4895 2178 4941 cur
2202 4866 2438 4966 inpositione
2461 4866 2542 4934 lon-

511 4977 704 5068 signantcs.
765 4972 849 5045 ldeo
865 5001 966 5049 suam
981 4979 1283 5070 fungensvicem,
1314 4999 1501 5071 nunquam
1555 4995 1637 5064 gam
1659 4971 1792 5041 incidat
1814 4972 2069 5045 circumflexus.
2119 4973 2212 5045 Nam
2234 4986 2275 5042 ut
2294 4966 2544 5052 circumflexus

515 5080 695 5151 scribitur.

1588 5209 1636 5266 88)
1656 5210 1702 5327 spo
1720 5245 1727 5258 .
1746 5246 1753 5260 .
1772 5245 1778 5258 .
1797 5206 1861 5275 pro]
1887 5209 1938 5258 bre
1965 5220 2049 5258 voces
2073 5209 2101 5258 in
2116 5209 2200 5258 urite.
2215 5203 2406 5256 lm-lbtl,
2428 5202 2540 5253 deside·

1623 5289 1672 5328 ran
1686 5289 1728 5329 or.

1588 5380 1634 5447 39)
1651 5386 1682 5432 ut
1700 5417 1706 5429 .
1726 5417 1733 5431 .
1752 5420 1758 5434 .
1779 5383 1807 5431 et
1826 5416 1832 5431 .
1853 5419 1860 5434 .
1880 5417 1888 5432 .
1905 5383 1988 5442 Nan]
2008 5382 2035 5431 in
2055 5382 2138 5432 leuitt.
2157 5379 2350 5431 ibn-listi.
2368 5378 2477 5427 desunt.

1588 5483 1636 5552 40)
1655 5476 1758 5545 ἤκουσά
1775 5485 1871 5544 τινων]
1895 5484 1923 5534 ln
1942 5484 2027 5536 Editt.
2045 5483 2151 5535 1522-
2162 5485 2236 5536 1641.
2257 5481 2301 5533 bls
2319 5480 2412 5531 verbis
2427 5492 2470 5544 gr.
2488 5480 2542 5530 rd-

1623 5553 1778 5602 ditarunt:
1804 5551 1831 5600 td
1850 5554 1910 5619 est,
1928 5552 2021 5602 audlvt
2039 5554 2181 5615 quosdam.

1587 5659 1636 5717 41)
1654 5658 1697 5715 et]
1717 5655 1758 5705 sio
1775 5655 1860 5706 udttt.
1875 5656 2084 5723 ibn-Idm
2109 5657 2159 5711 Ed.
2176 5659 2252 5714 15⁴².
2271 5652 2326 5708 nal.

1586 5757 1635 5825 42)
1656 5771 1705 5821 κο,
1721 5770 1753 5826 γε
1764 5757 2002 5827 -ooostltueral
2020 5762 2123 5815 sloEd.
2139 5762 2231 5824 Μ.)
2249 5761 2333 5812 rttst.
2350 5754 2545 5808 ibn-15⁴¹.

1621 5830 1718 5878 borum
1736 5830 1796 5880 loco
1814 5830 1930 5881 babent:
1952 5826 2011 5898 ys‘sp
2028 5825 2072 5884 τῑ.

545 5318 595 5384 bb)
614 5320 662 5368 De
680 5313 886 5378 disyllabis
904 5314 1086 5375 seorsim]
1105 5313 1207 5363 slolld
1223 5314 1315 5377 1642.)
1334 5312 1421 5362 rotet.
1435 5314 1503 5364 lim

580 5387 701 5437 -1641,
719 5387 766 5435 Do
784 5384 1056 5446 disyllaborum
1074 5382 1201 5435 acutis

546 5473 594 5539 ³6)
612 5475 690 5524 llaec
706 5470 850 5533 lusoriptio
868 5469 896 5519 ln
913 5470 997 5521 ualet.
1014 5470 1207 5520 lon-15⁴1.
1226 5470 1313 5519 deest.

547 5558 596 5625 8⁷)
617 5550 693 5609 llaec
714 5560 800 5608 verba
823 5557 852 5606 in
874 5555 961 5608 leditt.
982 5555 1172 5607 lun-tut.
1199 5554 1377 5642 mbqequtmr
1403 5556 1502 5606 haecce

582 5630 695 5694 regula:

951 5693 1088 5756 Quinta.

613 5766 827 5830 Honosyllsbre
849 5767 964 5821 mutae,
994 5763 1121 5826 obliquos
1140 5760 1298 5825 disyllabus
1316 5763 1501 5825 posteriorem

580 5838 671 5896 scuit,
694 5830 771 5904 φρήν
788 5829 907 5903 φρενός,
925 5831 977 5899 λίψ
995 5827 1085 5898 duple,
1111 5826 1165 5898 θῆρ
1181 5824 1274 5896 θηρός.
