5534 6700
361 592 439 671 76⁶
889 592 1013 670 mlh.
1037 594 1151 670 MEL.
1177 591 1382 669 scalpra
1406 593 1539 668 vam!
1563 594 1881 671 ARGUMENTL'
2091 649 2095 656 -
2324 595 2408 671 tao

361 769 457 852 lere,
490 780 526 839 et
545 790 621 838 non
640 765 838 839 necessaria
861 780 964 852 sunt,
995 779 1118 837 tarum
1147 767 1350 841 dialecticas
1406 766 1479 836 uiri
1490 767 1563 836 ulla
1577 769 1752 840 sententia
1766 769 1878 841 solida
1895 768 2098 862 efficacique
2113 767 2256 839 ratione
2267 781 2408 860 potest,

361 872 499 942 formas
521 870 696 951 induunt,
722 890 833 962 quom
856 881 920 940 aut
931 869 1164 962 syllogismis,
1189 883 1253 940 aut
1267 892 1352 962 epa·
1403 869 1474 940 nisi
1490 884 1653 941 accurate
1669 885 1853 964 perspecta
1868 882 1998 941 natura
2016 870 2175 962 partium
2189 866 2377 944 thematis.

363 972 483 1065 gogis,
516 983 580 1040 aut
601 965 877 1062 enthymematis
898 971 1125 1055 vinciuntur,
1146 985 1188 1043 ut
1203 972 1232 1044 si
1247 995 1353 1065 argu-
1506 972 1597 1042 Sunt
1618 987 1735 1044 autem
1759 976 1828 1044 loci
1852 985 2168 1067 argumentorum,
2195 998 2291 1067 quae
2310 1000 2330 1044 a
2347 1000 2404 1046 re-

362 1072 551 1144 mentcris:
586 1071 739 1141 'l'raiani
760 1073 998 1144 adolescentia
1017 1074 1157 1146 abonis
1174 1073 1353 1166 magistris
1403 1073 1470 1142 bus
1499 1089 1688 1165 petuntur,
1728 1077 1883 1161 linitio,
1917 1075 2060 1157 Genus,
2093 1076 2256 1167 Species,
2292 1076 2403 1147 Com·

363 1177 517 1244 formata
544 1185 614 1258 est,
647 1187 701 1245 cst
723 1174 834 1266 igitur
858 1175 1070 1261 verisimile,
1099 1177 1235 1247 borum
1252 1175 1352 1270 prin·
1404 1197 1533 1259 mune,
1558 1178 1801 1265 Particulare‚
1828 1177 2052 1262 Differentia,
2082 1177 2232 1263 Totum,
2259 1178 2403 1266 Partes,

361 1275 478 1370 cipem
499 1273 701 1348 Traianum
722 1278 813 1350 lore.
1404 1275 1578 1364 Caussae,
1616 1278 1775 1365 Eventu,
1810 1281 2033 1372 Pugnantia,
2072 1279 2231 1365 Similia,
2268 1281 2401 1369 Maius,

551 1445 677 1542 Quae
701 1472 723 1519 a
750 1450 885 1522 rebus
909 1451 1152 1523 ducantur.
1404 1378 1537 1453 Μωυῶ

466 1582 536 1655 Vix
557 1586 703 1655 tandem
726 1585 957 1677 pervenimus
981 1587 1027 1655 ad
1050 1609 1111 1657 eos
1130 1585 1248 1670 locos,
1273 1585 1353 1681 qui·
1804 1551 1997 1625 mmm·

361 1688 429 1759 bus
452 1685 677 1758 dialecticum
701 1683 823 1758 thema
845 1688 992 1780 proprie
1012 1688 1149 1758 muniri
1163 1689 1273 1772 solet,
1299 1701 1352 1758 at·
1506 1682 1757 1757 Efficacissima
1775 1698 1812 1756 et
1825 1685 2019 1756 certissima
2036 1685 2216 1777 probandi
2228 1687 2326 1757 ratio
2344 1702 2400 1760 est

264 1837 267 1842 -
363 1814 433 1885 que
457 1790 548 1860 adeo
574 1815 593 1860 c
616 1790 748 1884 quihus
769 1790 1000 1883 probationes
1015 1790 1254 1874 necessariae,
1279 1790 1352 1860 evi-
1404 1809 1469 1878 per
1497 1787 1718 1872 linitionem,
1754 1812 1866 1884 quare
1897 1801 1934 1859 et
1956 1790 2003 1857 ad
2025 1787 2211 1859 dialectica
2236 1785 2400 1860 themata

362 1896 558 1986 dentesque
582 1904 765 1984 petuntur.
806 1892 871 1963 His
890 1893 928 1961 in
951 1889 1048 1963 hunc
1071 1896 1219 1963 modum
1239 1904 1352 1964 utere.
1405 1890 1552 1981 proprie
1577 1889 1750 1980 adplicari
1774 1892 1889 1960 debet.
1941 1888 2041 1959 Voco
2065 1903 2186 1960 autem
2210 1891 2399 1964 dialectiea

363 1994 482 2066 Omne
506 1990 648 2078 thema,
682 2007 745 2064 aut
765 1994 916 2087 simplex
938 2019 1009 2064 vox
1031 2008 1102 2077 est,
1136 2008 1199 2065 aut
1223 1994 1352 2065 oratio.
1405 1986 1583 2074 themata,
1616 1992 1745 2084 quibus
1775 2006 1942 2063 naturam
1970 2015 2091 2063 rerum
2113 1995 2400 2084 propositarum,

362 2096 523 2189 Simplex
545 2120 616 2166 vox
638 2099 930 2188 conprobatur,
953 2121 1019 2166 nec
1036 2097 1229 2181 refellitur,
1253 2121 1353 2166 nem·
1405 2116 1565 2177 caussas,
1598 2106 1661 2164 aut
1688 2096 1803 2164 officia
1829 2093 2065 2190 inquirimus,
2098 2107 2222 2166 exacto
2245 2110 2282 2166 et
2300 2098 2399 2169 iusto

362 2223 431 2292 pe,
457 2201 587 2292 inqua
611 2221 728 2293 neque
749 2223 896 2284 verum,
920 2223 1037 2294 neque
1056 2200 1184 2289 falsum
1201 2198 1267 2282 sit,
1291 2201 1352 2270 sed
1406 2196 1544 2278 ordine,
1570 2195 1677 2290 idque
1694 2197 1926 2288 argumentis,
1952 2198 2072 2290 quoad
2086 2198 2165 2267 beri
2178 2211 2311 2290 potest,
2335 2224 2401 2270 ne-

364 2301 566 2394 exponitur.
618 2297 692 2370 lam
717 2325 790 2396 quo
815 2302 964 2386 ordine,
990 2302 1119 2392 quibus
1140 2301 1228 2371 locis
1246 2325 1353 2394 expo-
1405 2297 1565 2368 cessariis
1588 2311 1623 2366 ct
1641 2298 1877 2370 evidentibus.
1930 2299 2007 2368 Hoc
2026 2323 2158 2391 genus,
2184 2301 2250 2368 alii
2271 2303 2402 2393 apodi-

363 2415 490 2487 natur,
514 2426 643 2494 supra,
668 2404 708 2472 in
725 2403 866 2473 ratione
884 2403 1098 2496 simplicium
1116 2427 1245 2473 vocum
1260 2403 1352 2474 libro
1404 2423 1483 2482 xes,
1514 2399 1576 2467 alii
1599 2402 1925 2473 demonstrationes
1944 2415 2133 2473 vocarunt.
2190 2402 2310 2496 Quale
2333 2417 2400 2488 est,

362 2496 483 2599 primo
506 2506 736 2577 absolvimus.
787 2506 951 2576 Primum
981 2506 1075 2575 enim
1098 2505 1269 2598 simplicis
1290 2529 1354 2575 vo·
1405 2501 1434 2571 si
1450 2502 1620 2585 disseras,
1645 2503 1896 2575 liberalitatem
1915 2527 1989 2575 esse
2011 2504 2206 2588 iustitiam,
2233 2506 2300 2575 ubi
2321 2530 2399 2575 non

364 2608 415 2680 cis
438 2607 554 2680 finitio
575 2611 778 2700 quaerenda
800 2622 872 2692 est,
897 2608 1026 2678 deinde
1042 2632 1186 2679 caussae
1200 2608 1252 2677 rei
1270 2632 1353 2699 pro·
1404 2605 1585 2688 laudatur,
1611 2629 1687 2674 non
1702 2610 1871 2677 suadetur
1887 2606 2083 2678 liberalitas
2105 2603 2294 2700 (namhoc
2310 2633 2401 2700 pro·

363 2715 502 2806 positae
530 2710 825 2804 pervestigandae
854 2725 956 2792 sunt;
991 2711 1179 2803 partienda
1205 2706 1353 2802 posthac
1405 2707 1483 2798 prie
1506 2702 1691 2777 rhetorum
1712 2707 1801 2804 est),
1834 2712 1895 2780 sed
1917 2709 1994 2780 eius
2016 2722 2145 2779 natura
2159 2711 2398 2804 perquiritur.

363 2816 404 2884 in
433 2813 587 2906 specics,
624 2827 687 2885 aut
713 2816 887 2885 membra.
947 2811 1077 2884 Oratio
1098 2836 1185 2883 vero
1206 2814 1352 2905 proprie
1404 2807 1479 2878 lam
1504 2821 1594 2902 quot
1608 2809 1756 2881 liniendi
1774 2835 1905 2903 genera
1926 2835 2035 2903 supra
2057 2812 2232 2897 indicavi,
2257 2824 2314 2882 tot
2336 2835 2400 2881 ar·

365 2929 429 2988 aut
441 2916 637 3008 probatur,
659 2914 723 2985 aut
734 2915 973 3008 improbatur.
1023 2917 1117 2988 Nam
1134 2915 1173 2984 in
1189 2916 1353 2985 oratione
1404 2912 1720 3003 gumentandiloci
1734 2914 1898 2984 linitione
1913 2910 2279 3006 comprehenduntur.

364 3017 513 3111 proprie
540 3041 667 3087 verum
699 3031 762 3087 aut
781 3019 909 3089 falsum
933 3018 1037 3089 inest.
1094 3016 1244 3108 Eritque
1265 3013 1352 3087 haec
1506 3014 1562 3084 ab
1580 3016 1816 3108 etymologia,
1839 3029 1899 3100 ut,
1920 3015 2050 3086 Civitas
2066 3027 2131 3098 est,
2157 3039 2244 3106 ergo
2259 3014 2402 3105 populi

365 3117 546 3212 probandi
567 3114 770 3189 methodus.
824 3117 866 3188 ln
888 3119 989 3187 omni
1010 3119 1246 3211 pronuntiato
1268 3120 1353 3190 sim-
1405 3139 1597 3187 consensus
1612 3129 1681 3187 est.
1787 3110 1791 3119 ’

364 3219 451 3314 plici
462 3221 556 3289 duae
570 3232 654 3290 sunt
666 3232 799 3311 partes,
819 3220 1025 3292 Subiectum
1040 3233 1075 3290 et
1089 3220 1353 3305 Praedicatum,
1505 3217 1735 3302 Afinitione,
1760 3243 1852 3314 quae
1869 3217 2055 3292 essentiam
2071 3218 2125 3287 rei
2138 3217 2319 3308 explicat,
2348 3232 2400 3302 ut,

365 3335 427 3409 ut,
453 3321 619 3415 voluptas
644 3335 696 3393 est
715 3323 863 3397 bonum.
914 3320 1022 3407 inde,
1046 3324 1092 3393 ab
1106 3335 1257 3416 utraque
1271 3347 1353 3417 par·
1404 3319 1528 3392 Bonus
1542 3320 1689 3393 affectus
1704 3334 1776 3406 est,
1800 3323 1910 3414 igitur
1924 3333 1961 3392 et
1975 3321 2089 3393 virtus
2106 3333 2170 3392 est.

366 3439 415 3509 te,
441 3450 522 3497 cum
538 3448 559 3494 a
575 3425 745 3509 subiecto,
771 3439 847 3497 turn
863 3450 883 3495 a
897 3427 1116 3518 praedicato,
1142 3439 1351 3517 argumenta
1506 3423 1716 3493 illinitione
1731 3447 1871 3498 mussas
1883 3436 2054 3509 notante,
2079 3438 2138 3508 ut,
2162 3421 2324 3495 Exortus
2341 3448 2398 3495 so·

365 3524 567 3599 trahentur.
605 3527 777 3612 Proinde,
801 3530 945 3622 siquod
961 3526 1079 3609 therua
1095 3527 1354 3613 disserendum,
1404 3524 1448 3596 tis
1463 3539 1527 3608 est,
1549 3526 1624 3597 dies
1639 3526 1749 3618 igitur
1764 3541 1828 3599 est.

366 3632 617 3722 probandum,
650 3632 963 3723 reprobandumve
984 3632 1210 3723 propositum
1233 3633 1353 3715 fuerit,
1505 3629 1539 3696 A
1552 3627 1714 3698 finitione
1730 3653 1774 3699 ex
1790 3629 2032 3700 accidentibus
2057 3628 2222 3698 collecta:
2257 3626 2397 3698 fabro·

367 3732 522 3802 dissolve
538 3733 578 3800 in
593 3745 734 3824 partes,
760 3758 954 3827 earumque
975 3736 1175 3826 finitiones,
1202 3757 1353 3816 caussas,
1404 3752 1485 3800 rum
1502 3730 1608 3822 longe
1625 3732 1791 3824 princeps
1805 3745 1876 3815 est,
1900 3755 1987 3823 ergo
2002 3730 2185 3803 Daedalus
2202 3742 2264 3801 cst.

366 3831 521 3927 species,
546 3856 588 3902 ac
606 3835 767 3903 membra
781 3838 960 3927 perquire.
1011 3836 1103 3908 Nam
1119 3861 1162 3906 ex
1177 3831 1234 3908 bis
1249 3861 1354 3928 argu-
1506 3832 1781 3905 Observandum
1796 3848 1849 3905 est
1862 3835 1900 3904 in
1916 3833 2151 3917 finitionibus,
2172 3833 2269 3927 quod
2284 3843 2321 3901 et
2334 3857 2396 3903 su·

366 3947 489 4005 menta
510 3934 673 4026 colliges,
698 3948 739 4005 ut
756 3938 786 4007 si
799 3937 975 4020 finitioni,
1000 3937 1150 4022 caussis,
1176 3963 1218 4009 ac
1241 3940 1354 4031 parti·
1405 3956 1470 4026 pra
1495 3936 1721 4021 monuimus,
1753 3951 1794 4008 ut
1815 3937 1986 4031 propriae
2008 3937 2101 4018 sint,
2135 3935 2272 4027 pariter
2297 3933 2397 4003 enim

352 4039 434 4109 bus
459 4038 653 4129 voluptatis
676 4036 756 4108 cum
771 4041 868 4108 bono
884 4041 1071 4123 convenit,
1097 4041 1202 4131 plane
1217 4043 1352 4111 bonum
1405 4035 1608 4108 finitionum
1632 4039 1730 4110 locus
1752 4063 1771 4107 a
1794 4041 1896 4110 linito
1911 4043 1963 4110 'ad
1979 4041 2202 4121 finitionem,
2227 4049 2267 4106 et
2282 4061 2303 4105 a
2318 4036 2398 4105 lini·

367 4163 442 4213 essc
476 4139 621 4232 colliges
651 4140 885 4233 voluptatem.
944 4140 985 4211 ln
1018 4145 1170 4212 eundem
1205 4139 1351 4214 modum
1405 4138 1504 4209 tione
1517 4143 1563 4210 ad
1578 4141 1720 4211 linitum
1734 4142 1817 4211 duci
1831 4143 1940 4226 solet,
1966 4144 2064 4237 quod
2079 4140 2157 4210 lieri
2174 4138 2326 4234 nequit,
2344 4139 2397 4207 ni-

366 4255 451 4317 sunt
465 4255 632 4336 ctpartss
645 4238 844 4315 thematum
867 4245 907 4313 in
927 4268 1057 4337 genere
1072 4246 1354 4315 demonstrativo
1376 4250 1381 4324 Ι
1405 4242 1437 4311 si
1459 4242 1639 4315 finitiones
1660 4245 1830 4336 propriae
1852 4245 1935 4316 sint.
1986 4242 2061 4314 lam
2085 4242 2175 4312 etin
2193 4242 2395 4312 iudicandis

366 4360 431 4417 aut
456 4347 690 4416 deliberativo
711 4347 1024 4439 pervestigandae,
1055 4360 1117 4430 ut,
1142 4349 1170 4419 si
1189 4343 1354 4417 dehorte-
1404 4342 1626 4417 finitionibus
1644 4346 1839 4438 plurimum
1859 4348 1954 4417 valet
1974 4346 2177 4439 argumenti
2193 4345 2393 4415 conversio.

311 4518 313 4521 .
364 4449 456 4520 risa
480 4448 576 4519 bello
595 4447 724 4519 'l'urcis
745 4450 952 4532 inferendo,
972 4450 1142 4542 ‚primum
1165 4449 1250 4519 belli
1273 4474 1353 4542 per·
1404 4445 1497 4518 Nam
1515 4449 1565 4518 ita
1579 4448 1680 4519 facile
1695 4450 1890 4541 spectabis,
1915 4452 2063 4542 propria
2078 4447 2244 4517 delinitio
2258 4448 2325 4532 sit,
2349 4471 2393 4515 ao

227 4543 234 4564 Χ
365 4551 525 4623 censebis
539 4551 769 4620 incommoda
784 4553 1000 4643 generatim
1026 4553 1167 4635 deinde,
1184 4553 1246 4647 qui
1259 4552 1352 4623 Tur·
1404 4572 1499 4633 non,
1524 4564 1564 4622 ut
1580 4552 1727 4644 propria
1745 4564 1798 4623 est
1817 4550 1921 4623 haec:
1956 4550 2135 4623 Virtutem
2159 4575 2239 4622 esse
2259 4551 2391 4621 bonum

365 4677 448 4738 cae,
479 4668 516 4725 ct
542 4665 584 4723 ut
609 4654 741 4724 armati
767 4655 858 4738 sint,
891 4658 1075 4749 quomodo
1099 4678 1165 4750 nos
1189 4656 1352 4726 instructi
1404 4652 1589 4738 affectum,
1615 4653 1700 4748 quia
1723 4667 1878 4752 utroque
1893 4658 2005 4725 modo
2017 4654 2113 4723 valet
2127 4665 2391 4744 argumentum,

365 4757 488 4829 simus.
549 4754 597 4826 Et
626 4779 707 4827 cum
733 4752 927 4828 Christiani
955 4782 1097 4840 sumus,
1130 4782 1204 4827 non
1227 4759 1351 4827 decere
1403 4754 1517 4827 virtus
1538 4770 1609 4839 est,
1633 4780 1718 4848 ergo
1733 4758 1850 4829 bourn
1865 4759 2011 4828 affectus
2024 4769 2095 4836 est;
2122 4768 2158 4826 et
2173 4758 2296 4827 bonus
2311 4754 2391 4824 alic·

364 4881 432 4930 nos
454 4884 574 4945 arma,
606 4860 737 4954 quibus
758 4860 891 4929 dictum
915 4874 987 4944 est,
1020 4859 1139 4951 gladio
1159 4862 1351 4951 perituros,
1403 4870 1479 4928 ctus
1499 4870 1571 4941 est,
1601 4884 1690 4951 ergo
1715 4860 1829 4932 virtus
1848 4873 1912 4932 est.
1963 4858 2165 4951 impropria
2189 4871 2246 4930 est
2268 4856 2389 4936 linitio,

366 4960 430 5053 qui
450 4962 569 5052 gladio
594 4962 800 5032 dimicaturi
819 4963 902 5033 sint.
959 4960 1001 5031 ln
1023 4963 1188 5033 laudibus
1210 4964 1351 5055 praedi·
1373 4967 1378 5059 Ι
1402 4960 1525 5030 vinum
1545 4985 1640 5045 esse,
1665 4965 1762 5056 quod
1779 4963 1978 5033 inflammet
1990 4963 2216 5054 sanguinem.
2269 4959 2390 5055 Neque

366 5073 467 5131 catur
483 5064 629 5148 facturn,
654 5078 707 5149 ut,
728 5064 835 5136 Mutii
851 5065 1054 5148 Scaevolae,
1074 5067 1172 5159 quod
1181 5064 1348 5158 privatim
1402 5064 1497 5133 enim
1520 5064 1682 5133 converti
1707 5078 1843 5155 potest,
1873 5061 1943 5136 hoc
1965 5067 2091 5135 modo:
2123 5061 2189 5133 Est
2217 5065 2319 5158 quod
2341 5062 2389 5129 in-

364 5162 454 5256 ipsi,
479 5166 657 5237 deindeet
672 5168 840 5239 universo
854 5167 993 5237 nomini
1012 5167 1200 5251 Romano,
1230 5180 1265 5238 et
1281 5163 1351 5238 ho·
1400 5166 1562 5235 flammat
1575 5165 1806 5259 sanguinem,
1828 5169 1938 5259 igitur
1950 5167 2075 5239 vinum
2090 5178 2154 5238 est.
2187 5164 2285 5237 Sunt
2298 5164 2386 5235 enim

363 5278 528 5349 nestum,
561 5280 597 5338 et
618 5269 704 5339 utile
723 5270 781 5344 sit.
821 5270 1004 5354 Breviter,
1031 5272 1207 5362 expendat
1228 5270 1350 5362 dispu·
1400 5282 1436 5338 ct
1464 5268 1634 5364 pleraque
1668 5268 1760 5354 alia,
1805 5272 1935 5364 quibus
1965 5270 2207 5341 animantium
2241 5288 2384 5360 corpora

364 5381 505 5440 taturus
531 5382 652 5462 partes
679 5367 865 5457 thematis,
909 5398 989 5446 cum
1022 5372 1059 5442 in
1090 5372 1190 5442 omni
1219 5396 1349 5464 genere
1400 5374 1654 5443 accenduntur.

364 5472 560 5558 orationis,
585 5485 664 5554 tum
683 5474 836 5545 maxime
851 5476 890 5546 in
903 5476 1038 5569 argutis
1060 5489 1096 5545 et
1118 5474 1265 5546 lubricis
1278 5475 1349 5546 dis·

363 5575 622 5668 putationibus.
672 5576 790 5669 Atque
811 5573 870 5646 hic
897 5578 1016 5662 vides,
1050 5580 1112 5673 qui
1140 5579 1187 5649 sit
1214 5577 1350 5669 simpli·

363 5678 459 5750 cium
480 5704 587 5765 usus,
613 5689 649 5749 et
669 5678 795 5773 quanti
819 5681 949 5750 referat
968 5683 1006 5751 in
1026 5694 1197 5774 promptu
1217 5676 1349 5752 habere
1502 5677 1544 5748 ln
1577 5676 1664 5749 locis
1693 5701 1769 5747 non
1803 5689 1856 5756 est
1888 5676 1998 5759 alius,
2042 5700 2115 5771 quo
2151 5673 2390 5756 commodius,

362 5780 576 5877 simplicium
599 5805 728 5854 vocum
752 5775 953 5855 methodos.
1002 5782 1127 5878 Neque
1148 5782 1245 5855 enim
1272 5808 1350 5856 mu·
1400 5806 1509 5878 quam
1526 5782 1605 5853 loco
1619 5779 1824 5852 finitionum
1841 5778 1894 5852 uti
1915 5803 2038 5874 queas.
2088 5777 2186 5853 Nam
2209 5780 2246 5856 si
2266 5791 2394 5856 natm

1618 5540 1733 5612 Usus
1766 5535 1855 5610 loci
1889 5538 2170 5609 finitionum.
