<?xml version="1.0" encoding="UTF-8"?>
<!DOCTYPE html PUBLIC "-//W3C//DTD XHTML 1.0 Transitional//EN"
    "http://www.w3.org/TR/xhtml1/DTD/xhtml1-transitional.dtd">
<html xmlns="http://www.w3.org/1999/xhtml" xml:lang="en" lang="en">
 <head>
  <title>
</title>
<meta http-equiv="Content-Type" content="text/html;charset=utf-8" />
  <meta name='ocr-system' content='tesseract 3.04.00' />
  <meta name='ocr-capabilities' content='ocr_page ocr_carea ocr_par ocr_line ocrx_word'/>
</head>
<body>
  <div class='ocr_page' id='page_1' title='image "./philippimelanth22melagoog/philippimelanth22melagoog_0160.png"; bbox 0 0 5534 6700; ppageno 0'>
   <div class='ocr_carea' id='block_1_1' title="bbox 445 558 522 637">
    <p class='ocr_par' dir='ltr' id='par_1_1' title="bbox 445 558 522 637">
     <span class='ocr_line' id='line_1_1' title="bbox 445 558 522 637; baseline -0.091 0"><span class='ocrx_word' id='word_1_1' title='bbox 445 558 522 637; x_wconf 76' lang='lat'>&#39;299</span> 
     </span>
    </p>
   </div>
   <div class='ocr_carea' id='block_1_2' title="bbox 442 723 1440 1228">
    <p class='ocr_par' dir='ltr' id='par_1_2' title="bbox 442 723 1440 1228">
     <span class='ocr_line' id='line_1_2' title="bbox 443 723 1437 821; baseline -0.009 -20"><span class='ocrx_word' id='word_1_2' title='bbox 443 754 547 812; x_wconf 88' lang='lat' dir='ltr'>nem,</span> <span class='ocrx_word' id='word_1_3' title='bbox 572 739 614 799; x_wconf 92' lang='lat' dir='ltr'>ut</span> <span class='ocrx_word' id='word_1_4' title='bbox 635 726 758 817; x_wconf 92' lang='lat' dir='ltr'>algeo,</span> <span class='ocrx_word' id='word_1_5' title='bbox 783 723 917 814; x_wconf 81' lang='lat' dir='ltr'>frigeo,</span> <span class='ocrx_word' id='word_1_6' title='bbox 944 723 1056 796; x_wconf 89' lang='lat' dir='ltr'>caleo.</span> <span class='ocrx_word' id='word_1_7' title='bbox 1109 723 1220 794; x_wconf 90' lang='lat' dir='ltr'>Pueri</span> <span class='ocrx_word' id='word_1_8' title='bbox 1243 724 1373 795; x_wconf 78' lang='lat' dir='ltr'>diserte</span> <span class='ocrx_word' id='word_1_9' title='bbox 1389 723 1437 821; x_wconf 78' lang='lat'>⁸⁰)</span> 
     </span>
     <span class='ocr_line' id='line_1_3' title="bbox 444 826 1439 903; baseline -0.008 0"><span class='ocrx_word' id='word_1_10' title='bbox 444 833 637 903; x_wconf 72' lang='lat' dir='ltr'>observent</span> <span class='ocrx_word' id='word_1_11' title='bbox 662 827 852 898; x_wconf 84' lang='lat' dir='ltr'>discrimen</span> <span class='ocrx_word' id='word_1_12' title='bbox 877 826 1036 897; x_wconf 92' lang='lat' dir='ltr'>nominis</span> <span class='ocrx_word' id='word_1_13' title='bbox 1060 852 1101 897; x_wconf 90' lang='lat' dir='ltr'>ac</span> <span class='ocrx_word' id='word_1_14' title='bbox 1125 827 1237 897; x_wconf 91' lang='lat' dir='ltr'>verbi.</span> <span class='ocrx_word' id='word_1_15' title='bbox 1295 827 1439 898; x_wconf 89' lang='lat' dir='ltr'>Nomen</span> 
     </span>
     <span class='ocr_line' id='line_1_4' title="bbox 443 928 1440 1010; baseline -0.01 -2"><span class='ocrx_word' id='word_1_16' title='bbox 443 959 565 1007; x_wconf 87' lang='lat' dir='ltr'>rerum</span> <span class='ocrx_word' id='word_1_17' title='bbox 589 929 899 1001; x_wconf 76' lang='lat' dir='ltr'>nomenclaturam</span> <span class='ocrx_word' id='word_1_18' title='bbox 924 929 1103 1010; x_wconf 90' lang='lat' dir='ltr'>continet;</span> <span class='ocrx_word' id='word_1_19' title='bbox 1145 928 1303 999; x_wconf 82' lang='lat' dir='ltr'>Verbum</span> <span class='ocrx_word' id='word_1_20' title='bbox 1328 930 1440 998; x_wconf 90' lang='lat' dir='ltr'>actio-</span> 
     </span>
     <span class='ocr_line' id='line_1_5' title="bbox 442 1031 1438 1123; baseline -0.006 -16"><span class='ocrx_word' id='word_1_21' title='bbox 442 1061 526 1107; x_wconf 88' lang='lat' dir='ltr'>nem</span> <span class='ocrx_word' id='word_1_22' title='bbox 551 1048 585 1103; x_wconf 90' lang='lat' dir='ltr'>et</span> <span class='ocrx_word' id='word_1_23' title='bbox 604 1031 808 1123; x_wconf 84' lang='lat' dir='ltr'>passionem</span> <span class='ocrx_word' id='word_1_24' title='bbox 829 1057 909 1103; x_wconf 89' lang='lat' dir='ltr'>cum</span> <span class='ocrx_word' id='word_1_25' title='bbox 925 1031 1205 1103; x_wconf 69' lang='lat' dir='ltr'>discriminibus</span> <span class='ocrx_word' id='word_1_26' title='bbox 1231 1044 1438 1123; x_wconf 91' lang='lat' dir='ltr'>temporum</span> 
     </span>
     <span class='ocr_line' id='line_1_6' title="bbox 444 1152 752 1228; baseline -0.016 -19"><span class='ocrx_word' id='word_1_27' title='bbox 444 1152 479 1209; x_wconf 92' lang='lat' dir='ltr'>et</span> <span class='ocrx_word' id='word_1_28' title='bbox 502 1159 752 1228; x_wconf 89' lang='lat' dir='ltr'>personarum.</span> 
     </span>
    </p>
   </div>
   <div class='ocr_carea' id='block_1_3' title="bbox 801 1300 1087 1372">
    <p class='ocr_par' dir='ltr' id='par_1_3' title="bbox 801 1300 1087 1372">
     <span class='ocr_line' id='line_1_7' title="bbox 801 1300 1087 1372; baseline 0.014 -4"><span class='ocrx_word' id='word_1_29' title='bbox 801 1300 1087 1372; x_wconf 87' lang='lat' dir='ltr'>Accidentia.</span> 
     </span>
    </p>
   </div>
   <div class='ocr_carea' id='block_1_4' title="bbox 441 1434 1438 1637">
    <p class='ocr_par' dir='ltr' id='par_1_4' title="bbox 441 1434 1438 1637">
     <span class='ocr_line' id='line_1_8' title="bbox 543 1434 1438 1527; baseline 0.001 -24"><span class='ocrx_word' id='word_1_30' title='bbox 543 1436 664 1506; x_wconf 85' lang='lat' dir='ltr'>Verbo</span> <span class='ocrx_word' id='word_1_31' title='bbox 683 1436 849 1506; x_wconf 89' lang='lat' dir='ltr'>accidunt</span> <span class='ocrx_word' id='word_1_32' title='bbox 865 1449 964 1505; x_wconf 90' lang='lat' dir='ltr'>octo:</span> <span class='ocrx_word' id='word_1_33' title='bbox 990 1436 1125 1520; x_wconf 90' lang='lat' dir='ltr'>Genus,</span> <span class='ocrx_word' id='word_1_34' title='bbox 1147 1435 1301 1527; x_wconf 83' lang='lat' dir='ltr'>Species,</span> <span class='ocrx_word' id='word_1_35' title='bbox 1327 1434 1438 1506; x_wconf 84' lang='lat' dir='ltr'>Tem-</span> 
     </span>
     <span class='ocr_line' id='line_1_9' title="bbox 441 1538 1438 1637; baseline -0.006 -25"><span class='ocrx_word' id='word_1_36' title='bbox 441 1566 522 1637; x_wconf 91' lang='lat' dir='ltr'>pus,</span> <span class='ocrx_word' id='word_1_37' title='bbox 547 1539 691 1622; x_wconf 89' lang='lat' dir='ltr'>Modus,</span> <span class='ocrx_word' id='word_1_38' title='bbox 716 1539 863 1630; x_wconf 82' lang='lat' dir='ltr'>Figura,</span> <span class='ocrx_word' id='word_1_39' title='bbox 887 1539 1061 1622; x_wconf 85' lang='lat' dir='ltr'>Persona,</span> <span class='ocrx_word' id='word_1_40' title='bbox 1080 1538 1273 1622; x_wconf 86' lang='lat' dir='ltr'>Numerus,</span> <span class='ocrx_word' id='word_1_41' title='bbox 1291 1551 1327 1608; x_wconf 91' lang='lat' dir='ltr'>et</span> <span class='ocrx_word' id='word_1_42' title='bbox 1343 1538 1438 1609; x_wconf 90' lang='lat' dir='ltr'>Con·</span> 
     </span>
    </p>
   </div>
   <div class='ocr_carea' id='block_1_5' title="bbox 443 1643 593 1736">
    <p class='ocr_par' dir='ltr' id='par_1_5' title="bbox 443 1643 593 1736">
     <span class='ocr_line' id='line_1_10' title="bbox 443 1643 593 1736; baseline -0.007 -23"><span class='ocrx_word' id='word_1_43' title='bbox 443 1643 593 1736; x_wconf 87' lang='lat' dir='ltr'>ingatio.</span> 
     </span>
    </p>
   </div>
   <div class='ocr_carea' id='block_1_6' title="bbox 844 1791 1034 1863">
    <p class='ocr_par' dir='ltr' id='par_1_6' title="bbox 844 1791 1034 1863">
     <span class='ocr_line' id='line_1_11' title="bbox 844 1791 1034 1863; baseline -0.005 0"><span class='ocrx_word' id='word_1_44' title='bbox 844 1791 1034 1863; x_wconf 87' lang='lat' dir='ltr'>Genera.</span> 
     </span>
    </p>
   </div>
   <div class='ocr_carea' id='block_1_7' title="bbox 441 1924 1437 2737">
    <p class='ocr_par' dir='ltr' id='par_1_7' title="bbox 441 1924 1437 2230">
     <span class='ocr_line' id='line_1_12' title="bbox 544 1924 1437 2016; baseline -0.004 -16"><span class='ocrx_word' id='word_1_45' title='bbox 544 1931 685 2000; x_wconf 87' lang='lat' dir='ltr'>Genera</span> <span class='ocrx_word' id='word_1_46' title='bbox 702 1938 786 1997; x_wconf 89' lang='lat' dir='ltr'>sunt</span> <span class='ocrx_word' id='word_1_47' title='bbox 801 1927 1081 2016; x_wconf 83' lang='lat' dir='ltr'>significationes</span> <span class='ocrx_word' id='word_1_48' title='bbox 1096 1929 1304 1998; x_wconf 88' lang='lat' dir='ltr'>verborum.</span> <span class='ocrx_word' id='word_1_49' title='bbox 1349 1924 1437 1997; x_wconf 89' lang='lat' dir='ltr'>lnde</span> 
     </span>
     <span class='ocr_line' id='line_1_13' title="bbox 442 2030 1437 2122; baseline -0.007 -17"><span class='ocrx_word' id='word_1_50' title='bbox 442 2034 539 2105; x_wconf 88' lang='lat' dir='ltr'>enim</span> <span class='ocrx_word' id='word_1_51' title='bbox 570 2030 736 2122; x_wconf 88' lang='lat' dir='ltr'>cognosci</span> <span class='ocrx_word' id='word_1_52' title='bbox 767 2041 906 2120; x_wconf 92' lang='lat' dir='ltr'>potest,</span> <span class='ocrx_word' id='word_1_53' title='bbox 946 2031 1042 2100; x_wconf 86' lang='lat' dir='ltr'>actio</span> <span class='ocrx_word' id='word_1_54' title='bbox 1070 2031 1118 2101; x_wconf 93' lang='lat' dir='ltr'>sit</span> <span class='ocrx_word' id='word_1_55' title='bbox 1149 2031 1188 2098; x_wconf 94' lang='lat' dir='ltr'>in</span> <span class='ocrx_word' id='word_1_56' title='bbox 1215 2031 1348 2114; x_wconf 89' lang='lat' dir='ltr'>verbo,</span> <span class='ocrx_word' id='word_1_57' title='bbox 1389 2054 1437 2099; x_wconf 93' lang='lat' dir='ltr'>an</span> 
     </span>
     <span class='ocr_line' id='line_1_14' title="bbox 441 2134 574 2230; baseline -0.015 -23"><span class='ocrx_word' id='word_1_58' title='bbox 441 2134 574 2230; x_wconf 82' lang='lat' dir='ltr'>passio.</span> 
     </span>
    </p>

    <p class='ocr_par' dir='ltr' id='par_1_8' title="bbox 441 2232 1437 2737">
     <span class='ocr_line' id='line_1_15' title="bbox 543 2232 1437 2325; baseline -0.002 -19"><span class='ocrx_word' id='word_1_59' title='bbox 543 2234 710 2306; x_wconf 78' lang='lat' dir='ltr'>Activum</span> <span class='ocrx_word' id='word_1_60' title='bbox 727 2232 858 2303; x_wconf 84' lang='lat' dir='ltr'>desinit</span> <span class='ocrx_word' id='word_1_61' title='bbox 871 2234 911 2302; x_wconf 90' lang='lat' dir='ltr'>in</span> <span class='ocrx_word' id='word_1_62' title='bbox 929 2259 973 2316; x_wconf 92' lang='lat' dir='ltr'>o,</span> <span class='ocrx_word' id='word_1_63' title='bbox 999 2246 1036 2303; x_wconf 92' lang='lat' dir='ltr'>et</span> <span class='ocrx_word' id='word_1_64' title='bbox 1050 2235 1228 2304; x_wconf 88' lang='lat' dir='ltr'>actionem</span> <span class='ocrx_word' id='word_1_65' title='bbox 1248 2233 1437 2325; x_wconf 87' lang='lat' dir='ltr'>significat,</span> 
     </span>
     <span class='ocr_line' id='line_1_16' title="bbox 442 2331 1437 2434; baseline -0.001 -26"><span class='ocrx_word' id='word_1_66' title='bbox 442 2339 541 2434; x_wconf 88' lang='lat' dir='ltr'>quod</span> <span class='ocrx_word' id='word_1_67' title='bbox 565 2337 614 2406; x_wconf 91' lang='lat' dir='ltr'>ita</span> <span class='ocrx_word' id='word_1_68' title='bbox 639 2359 730 2428; x_wconf 90' lang='lat' dir='ltr'>puer</span> <span class='ocrx_word' id='word_1_69' title='bbox 746 2331 1001 2426; x_wconf 87' lang='lat' dir='ltr'>deprehendet.</span> <span class='ocrx_word' id='word_1_70' title='bbox 1056 2336 1094 2406; x_wconf 87' lang='lat' dir='ltr'>Si</span> <span class='ocrx_word' id='word_1_71' title='bbox 1119 2341 1308 2407; x_wconf 92' lang='lat' dir='ltr'>commode</span> <span class='ocrx_word' id='word_1_72' title='bbox 1334 2361 1437 2407; x_wconf 90' lang='lat' dir='ltr'>accu-</span> 
     </span>
     <span class='ocr_line' id='line_1_17' title="bbox 441 2437 1436 2533; baseline -0.005 -19"><span class='ocrx_word' id='word_1_73' title='bbox 441 2441 596 2523; x_wconf 86' lang='lat' dir='ltr'>sativus,</span> <span class='ocrx_word' id='word_1_74' title='bbox 620 2439 683 2533; x_wconf 93' lang='lat' dir='ltr'>qui</span> <span class='ocrx_word' id='word_1_75' title='bbox 707 2461 899 2531; x_wconf 90' lang='lat' dir='ltr'>personam</span> <span class='ocrx_word' id='word_1_76' title='bbox 926 2437 1123 2529; x_wconf 87' lang='lat' dir='ltr'>significat,</span> <span class='ocrx_word' id='word_1_77' title='bbox 1158 2441 1268 2509; x_wconf 89' lang='lat' dir='ltr'>verbo</span> <span class='ocrx_word' id='word_1_78' title='bbox 1292 2440 1436 2509; x_wconf 89' lang='lat' dir='ltr'>adiicie-</span> 
     </span>
     <span class='ocr_line' id='line_1_18' title="bbox 441 2539 1436 2626; baseline -0.002 -13"><span class='ocrx_word' id='word_1_79' title='bbox 441 2556 524 2626; x_wconf 86' lang='lat' dir='ltr'>tur,</span> <span class='ocrx_word' id='word_1_80' title='bbox 559 2543 716 2611; x_wconf 90' lang='lat' dir='ltr'>activum</span> <span class='ocrx_word' id='word_1_81' title='bbox 738 2541 866 2623; x_wconf 83' lang='lat' dir='ltr'>luerit,</span> <span class='ocrx_word' id='word_1_82' title='bbox 881 2616 883 2620; x_wconf 53' lang='grc'>,</span> <span class='ocrx_word' id='word_1_83' title='bbox 898 2553 939 2611; x_wconf 91' lang='lat' dir='ltr'>ut</span> <span class='ocrx_word' id='word_1_84' title='bbox 954 2539 1117 2610; x_wconf 82' lang='lat' dir='ltr'>Verbere</span> <span class='ocrx_word' id='word_1_85' title='bbox 1135 2539 1292 2613; x_wconf 85' lang='lat' dir='ltr'>Davum.</span> <span class='ocrx_word' id='word_1_86' title='bbox 1351 2541 1436 2612; x_wconf 90' lang='lat' dir='ltr'>Non</span> 
     </span>
     <span class='ocr_line' id='line_1_19' title="bbox 441 2639 1435 2737; baseline -0.002 -21"><span class='ocrx_word' id='word_1_87' title='bbox 441 2645 539 2716; x_wconf 89' lang='lat' dir='ltr'>enim</span> <span class='ocrx_word' id='word_1_88' title='bbox 556 2643 688 2714; x_wconf 85' lang='lat' dir='ltr'>dixeris</span> <span class='ocrx_word' id='word_1_89' title='bbox 703 2655 815 2713; x_wconf 89' lang='lat' dir='ltr'>recte:</span> <span class='ocrx_word' id='word_1_90' title='bbox 844 2642 953 2713; x_wconf 90' lang='lat' dir='ltr'>Caleo</span> <span class='ocrx_word' id='word_1_91' title='bbox 972 2642 1130 2715; x_wconf 91' lang='lat' dir='ltr'>Davum.</span> <span class='ocrx_word' id='word_1_92' title='bbox 1172 2643 1303 2737; x_wconf 84' lang='lat' dir='ltr'>Frigeo</span> <span class='ocrx_word' id='word_1_93' title='bbox 1320 2639 1435 2714; x_wconf 90' lang='lat' dir='ltr'>Phae-</span> 
     </span>
    </p>
   </div>
   <div class='ocr_carea' id='block_1_8' title="bbox 335 2749 572 2831">
    <p class='ocr_par' dir='ltr' id='par_1_9' title="bbox 335 2749 572 2831">
     <span class='ocr_line' id='line_1_20' title="bbox 335 2749 572 2831; baseline -0.008 -12"><span class='ocrx_word' id='word_1_94' title='bbox 335 2826 339 2831; x_wconf 29' lang='lat'>,</span> <span class='ocrx_word' id='word_1_95' title='bbox 441 2749 572 2819; x_wconf 79' lang='lat' dir='ltr'>driam</span> 
     </span>
    </p>
   </div>
   <div class='ocr_carea' id='block_1_9' title="bbox 363 2839 1439 5396">
    <p class='ocr_par' dir='ltr' id='par_1_10' title="bbox 363 2839 1438 3431">
     <span class='ocr_line' id='line_1_21' title="bbox 493 2839 1437 2939; baseline -0.005 -20"><span class='ocrx_word' id='word_1_96' title='bbox 493 2839 497 2843; x_wconf 54' lang='grc'><strong>’</strong></span> <span class='ocrx_word' id='word_1_97' title='bbox 544 2847 733 2919; x_wconf 90' lang='lat' dir='ltr'>Passivum</span> <span class='ocrx_word' id='word_1_98' title='bbox 755 2847 795 2916; x_wconf 89' lang='lat' dir='ltr'>in</span> <span class='ocrx_word' id='word_1_99' title='bbox 814 2871 857 2916; x_wconf 91' lang='lat' dir='ltr'>or</span> <span class='ocrx_word' id='word_1_100' title='bbox 872 2846 1024 2930; x_wconf 89' lang='lat' dir='ltr'>desinit,</span> <span class='ocrx_word' id='word_1_101' title='bbox 1052 2860 1088 2916; x_wconf 91' lang='lat' dir='ltr'>et</span> <span class='ocrx_word' id='word_1_102' title='bbox 1101 2847 1305 2938; x_wconf 89' lang='lat' dir='ltr'>passionem</span> <span class='ocrx_word' id='word_1_103' title='bbox 1327 2846 1437 2939; x_wconf 89' lang='lat' dir='ltr'>signi-</span> 
     </span>
     <span class='ocr_line' id='line_1_22' title="bbox 439 2946 1437 3045; baseline 0 -24"><span class='ocrx_word' id='word_1_104' title='bbox 439 2953 543 3034; x_wconf 81' lang='lat' dir='ltr'>ficat,</span> <span class='ocrx_word' id='word_1_105' title='bbox 569 2952 668 3045; x_wconf 92' lang='lat' dir='ltr'>quod</span> <span class='ocrx_word' id='word_1_106' title='bbox 683 2951 769 3018; x_wconf 92' lang='lat' dir='ltr'>item</span> <span class='ocrx_word' id='word_1_107' title='bbox 795 2946 1039 3040; x_wconf 86' lang='lat' dir='ltr'>deprehendet</span> <span class='ocrx_word' id='word_1_108' title='bbox 1062 2973 1172 3039; x_wconf 90' lang='lat' dir='ltr'>puer,</span> <span class='ocrx_word' id='word_1_109' title='bbox 1207 2950 1238 3020; x_wconf 92' lang='lat' dir='ltr'>si</span> <span class='ocrx_word' id='word_1_110' title='bbox 1260 2950 1437 3020; x_wconf 88' lang='lat' dir='ltr'>ablativus</span> 
     </span>
     <span class='ocr_line' id='line_1_23' title="bbox 363 3047 1436 3146; baseline 0.003 -28"><span class='ocrx_word' id='word_1_111' title='bbox 363 3109 366 3118; x_wconf 90' lang='lat'>.</span> <span class='ocrx_word' id='word_1_112' title='bbox 440 3075 618 3146; x_wconf 87' lang='lat' dir='ltr'>personae</span> <span class='ocrx_word' id='word_1_113' title='bbox 639 3062 734 3119; x_wconf 90' lang='lat' dir='ltr'>recte</span> <span class='ocrx_word' id='word_1_114' title='bbox 759 3051 843 3119; x_wconf 90' lang='lat' dir='ltr'>addi</span> <span class='ocrx_word' id='word_1_115' title='bbox 864 3050 1015 3142; x_wconf 90' lang='lat' dir='ltr'>poterit:</span> <span class='ocrx_word' id='word_1_116' title='bbox 1058 3049 1241 3120; x_wconf 87' lang='lat' dir='ltr'>Verberor</span> <span class='ocrx_word' id='word_1_117' title='bbox 1262 3052 1308 3121; x_wconf 93' lang='lat' dir='ltr'>ab</span> <span class='ocrx_word' id='word_1_118' title='bbox 1335 3047 1436 3122; x_wconf 90' lang='lat' dir='ltr'>hero.</span> 
     </span>
     <span class='ocr_line' id='line_1_24' title="bbox 441 3149 1438 3256; baseline 0 -32"><span class='ocrx_word' id='word_1_119' title='bbox 441 3156 525 3256; x_wconf 80' lang='lat' dir='ltr'>Non</span> <span class='ocrx_word' id='word_1_120' title='bbox 542 3154 638 3222; x_wconf 88' lang='lat' dir='ltr'>enim</span> <span class='ocrx_word' id='word_1_121' title='bbox 656 3164 751 3221; x_wconf 90' lang='lat' dir='ltr'>recte</span> <span class='ocrx_word' id='word_1_122' title='bbox 767 3152 883 3223; x_wconf 88' lang='lat' dir='ltr'>dicas:</span> <span class='ocrx_word' id='word_1_123' title='bbox 909 3150 1105 3222; x_wconf 78' lang='lat' dir='ltr'>Adsentior</span> <span class='ocrx_word' id='word_1_124' title='bbox 1121 3153 1166 3222; x_wconf 90' lang='lat' dir='ltr'>ab</span> <span class='ocrx_word' id='word_1_125' title='bbox 1184 3149 1284 3225; x_wconf 91' lang='lat' dir='ltr'>hero.</span> <span class='ocrx_word' id='word_1_126' title='bbox 1321 3152 1438 3224; x_wconf 86' lang='lat' dir='ltr'>Vocat</span> 
     </span>
     <span class='ocr_line' id='line_1_25' title="bbox 441 3247 1436 3351; baseline -0.001 -25"><span class='ocrx_word' id='word_1_127' title='bbox 441 3257 552 3351; x_wconf 87' lang='lat' dir='ltr'>igitur</span> <span class='ocrx_word' id='word_1_128' title='bbox 567 3254 774 3325; x_wconf 88' lang='lat' dir='ltr'>Priscianus</span> <span class='ocrx_word' id='word_1_129' title='bbox 791 3254 989 3325; x_wconf 84' lang='lat' dir='ltr'>ablativum</span> <span class='ocrx_word' id='word_1_130' title='bbox 1003 3247 1193 3346; x_wconf 82' lang='lat' dir='ltr'>proprium</span> <span class='ocrx_word' id='word_1_131' title='bbox 1209 3255 1436 3348; x_wconf 83' lang='lat' dir='ltr'>passivorum</span> 
     </span>
     <span class='ocr_line' id='line_1_26' title="bbox 442 3383 577 3431; baseline 0 -1"><span class='ocrx_word' id='word_1_132' title='bbox 442 3383 577 3431; x_wconf 86' lang='lat' dir='ltr'>casum.</span> 
     </span>
    </p>

    <p class='ocr_par' dir='ltr' id='par_1_11' title="bbox 441 3458 1438 4056">
     <span class='ocr_line' id='line_1_27' title="bbox 544 3458 1438 3553; baseline 0 -21"><span class='ocrx_word' id='word_1_133' title='bbox 544 3461 723 3533; x_wconf 86' lang='lat' dir='ltr'>Neutrum</span> <span class='ocrx_word' id='word_1_134' title='bbox 740 3458 780 3527; x_wconf 92' lang='lat' dir='ltr'>in</span> <span class='ocrx_word' id='word_1_135' title='bbox 796 3484 819 3527; x_wconf 94' lang='lat' dir='ltr'>o</span> <span class='ocrx_word' id='word_1_136' title='bbox 835 3458 997 3543; x_wconf 88' lang='lat' dir='ltr'>desinit,</span> <span class='ocrx_word' id='word_1_137' title='bbox 1012 3472 1049 3528; x_wconf 91' lang='lat' dir='ltr'>et</span> <span class='ocrx_word' id='word_1_138' title='bbox 1070 3462 1332 3551; x_wconf 90' lang='lat' dir='ltr'>propemodum</span> <span class='ocrx_word' id='word_1_139' title='bbox 1356 3485 1438 3553; x_wconf 91' lang='lat' dir='ltr'>pas·</span> 
     </span>
     <span class='ocr_line' id='line_1_28' title="bbox 442 3560 1436 3658; baseline -0.006 -21"><span class='ocrx_word' id='word_1_140' title='bbox 442 3564 580 3637; x_wconf 86' lang='lat' dir='ltr'>sionem</span> <span class='ocrx_word' id='word_1_141' title='bbox 604 3561 791 3653; x_wconf 81' lang='lat' dir='ltr'>significat.</span> <span class='ocrx_word' id='word_1_142' title='bbox 842 3560 984 3631; x_wconf 87' lang='lat' dir='ltr'>Verum&#39;</span> <span class='ocrx_word' id='word_1_143' title='bbox 1004 3586 1125 3633; x_wconf 89' lang='lat' dir='ltr'>casum</span> <span class='ocrx_word' id='word_1_144' title='bbox 1152 3562 1378 3653; x_wconf 88' lang='lat' dir='ltr'>passivorum</span> <span class='ocrx_word' id='word_1_145' title='bbox 1388 3563 1436 3658; x_wconf 65' lang='grc' dir='ltr'>π)</span> 
     </span>
     <span class='ocr_line' id='line_1_29' title="bbox 441 3661 1437 3758; baseline -0.002 -21"><span class='ocrx_word' id='word_1_146' title='bbox 441 3689 519 3737; x_wconf 92' lang='lat' dir='ltr'>non</span> <span class='ocrx_word' id='word_1_147' title='bbox 536 3664 713 3746; x_wconf 90' lang='lat' dir='ltr'>admittit,</span> <span class='ocrx_word' id='word_1_148' title='bbox 738 3675 780 3734; x_wconf 92' lang='lat' dir='ltr'>ut</span> <span class='ocrx_word' id='word_1_149' title='bbox 797 3661 927 3748; x_wconf 85' lang='lat' dir='ltr'>Caleo,</span> <span class='ocrx_word' id='word_1_150' title='bbox 958 3664 1085 3736; x_wconf 87' lang='lat' dir='ltr'>Sedeo.</span> <span class='ocrx_word' id='word_1_151' title='bbox 1144 3664 1238 3736; x_wconf 90' lang='lat' dir='ltr'>Nam</span> <span class='ocrx_word' id='word_1_152' title='bbox 1261 3666 1437 3758; x_wconf 82' lang='lat' dir='ltr'>significa·</span> 
     </span>
     <span class='ocr_line' id='line_1_30' title="bbox 442 3764 1437 3858; baseline -0.001 -19"><span class='ocrx_word' id='word_1_153' title='bbox 442 3770 495 3839; x_wconf 91' lang='lat' dir='ltr'>tio</span> <span class='ocrx_word' id='word_1_154' title='bbox 510 3764 642 3837; x_wconf 91' lang='lat' dir='ltr'>horum</span> <span class='ocrx_word' id='word_1_155' title='bbox 658 3766 879 3836; x_wconf 87' lang='lat' dir='ltr'>nontransit</span> <span class='ocrx_word' id='word_1_156' title='bbox 897 3766 936 3834; x_wconf 93' lang='lat' dir='ltr'>in</span> <span class='ocrx_word' id='word_1_157' title='bbox 962 3767 1071 3835; x_wconf 88' lang='lat' dir='ltr'>aliam</span> <span class='ocrx_word' id='word_1_158' title='bbox 1094 3790 1300 3858; x_wconf 86' lang='lat' dir='ltr'>personam.</span> <span class='ocrx_word' id='word_1_159' title='bbox 1351 3767 1437 3841; x_wconf 91' lang='lat' dir='ltr'>Non</span> 
     </span>
     <span class='ocr_line' id='line_1_31' title="bbox 442 3864 1437 3953; baseline 0 -13"><span class='ocrx_word' id='word_1_160' title='bbox 442 3870 540 3940; x_wconf 88' lang='lat' dir='ltr'>enim</span> <span class='ocrx_word' id='word_1_161' title='bbox 555 3880 650 3937; x_wconf 91' lang='lat' dir='ltr'>recte</span> <span class='ocrx_word' id='word_1_162' title='bbox 665 3866 779 3938; x_wconf 90' lang='lat' dir='ltr'>dicas:</span> <span class='ocrx_word' id='word_1_163' title='bbox 807 3866 922 3937; x_wconf 88' lang='lat' dir='ltr'>Sedeo</span> <span class='ocrx_word' id='word_1_164' title='bbox 937 3864 1088 3953; x_wconf 91' lang='lat' dir='ltr'>lulium,</span> <span class='ocrx_word' id='word_1_165' title='bbox 1113 3870 1172 3939; x_wconf 89' lang='lat' dir='ltr'>vel</span> <span class='ocrx_word' id='word_1_166' title='bbox 1187 3870 1323 3940; x_wconf 84' lang='lat' dir='ltr'>Sedeor</span> <span class='ocrx_word' id='word_1_167' title='bbox 1344 3894 1364 3940; x_wconf 92' lang='lat' dir='ltr'>a</span> <span class='ocrx_word' id='word_1_168' title='bbox 1379 3868 1437 3942; x_wconf 93' lang='lat' dir='ltr'>lu·</span> 
     </span>
     <span class='ocr_line' id='line_1_32' title="bbox 442 3967 1415 4056; baseline 0.002 -15"><span class='ocrx_word' id='word_1_169' title='bbox 442 3973 513 4056; x_wconf 89' lang='lat' dir='ltr'>lio,</span> <span class='ocrx_word' id='word_1_170' title='bbox 538 3972 600 4042; x_wconf 91' lang='lat' dir='ltr'>sed</span> <span class='ocrx_word' id='word_1_171' title='bbox 619 3968 766 4040; x_wconf 90' lang='lat' dir='ltr'>Colloco</span> <span class='ocrx_word' id='word_1_172' title='bbox 782 3967 935 4054; x_wconf 85' lang='lat' dir='ltr'>lulium,</span> <span class='ocrx_word' id='word_1_173' title='bbox 961 3984 997 4040; x_wconf 91' lang='lat' dir='ltr'>et</span> <span class='ocrx_word' id='word_1_174' title='bbox 1013 3970 1182 4042; x_wconf 84' lang='lat' dir='ltr'>Collocor</span> <span class='ocrx_word' id='word_1_175' title='bbox 1196 3996 1217 4041; x_wconf 92' lang='lat' dir='ltr'>a</span> <span class='ocrx_word' id='word_1_176' title='bbox 1231 3970 1335 4043; x_wconf 90' lang='lat' dir='ltr'>lulio.</span> <span class='ocrx_word' id='word_1_177' title='bbox 1413 4002 1415 4005; x_wconf 90' lang='lat'><em>·</em></span> 
     </span>
    </p>

    <p class='ocr_par' dir='ltr' id='par_1_12' title="bbox 408 4072 1438 4887">
     <span class='ocr_line' id='line_1_33' title="bbox 408 4072 1436 4169; baseline 0.003 -29"><span class='ocrx_word' id='word_1_178' title='bbox 408 4095 414 4105; x_wconf 93' lang='lat'><em>·</em></span> <span class='ocrx_word' id='word_1_179' title='bbox 447 4091 461 4118; x_wconf 68' lang='lat'>¹·</span> <span class='ocrx_word' id='word_1_180' title='bbox 491 4103 493 4112; x_wconf 93' lang='lat'>·</span> <span class='ocrx_word' id='word_1_181' title='bbox 544 4072 614 4142; x_wconf 77' lang='lat' dir='ltr'>tlte</span> <span class='ocrx_word' id='word_1_182' title='bbox 648 4073 891 4143; x_wconf 89' lang='lat' dir='ltr'>observabunt</span> <span class='ocrx_word' id='word_1_183' title='bbox 923 4074 1048 4165; x_wconf 93' lang='lat' dir='ltr'>pueri,</span> <span class='ocrx_word' id='word_1_184' title='bbox 1096 4076 1275 4169; x_wconf 87' lang='lat' dir='ltr'>quaedam</span> <span class='ocrx_word' id='word_1_185' title='bbox 1307 4087 1436 4146; x_wconf 92' lang='lat' dir='ltr'>neutra</span> 
     </span>
     <span class='ocr_line' id='line_1_34' title="bbox 442 4174 1436 4267; baseline -0.004 -17"><span class='ocrx_word' id='word_1_186' title='bbox 442 4197 527 4250; x_wconf 80' lang='lat' dir='ltr'>suae</span> <span class='ocrx_word' id='word_1_187' title='bbox 559 4174 828 4267; x_wconf 85' lang='lat' dir='ltr'>significationis</span> <span class='ocrx_word' id='word_1_188' title='bbox 860 4178 1082 4247; x_wconf 84' lang='lat' dir='ltr'>accusativos</span> <span class='ocrx_word' id='word_1_189' title='bbox 1109 4178 1318 4247; x_wconf 88' lang='lat' dir='ltr'>admittere:</span> <span class='ocrx_word' id='word_1_190' title='bbox 1359 4180 1436 4246; x_wconf 86' lang='lat' dir='ltr'>Aro</span> 
     </span>
     <span class='ocr_line' id='line_1_35' title="bbox 442 4276 1438 4371; baseline 0.002 -22"><span class='ocrx_word' id='word_1_191' title='bbox 442 4301 590 4371; x_wconf 89' lang='lat' dir='ltr'>agrum,</span> <span class='ocrx_word' id='word_1_192' title='bbox 615 4277 778 4349; x_wconf 91' lang='lat' dir='ltr'>Decurro</span> <span class='ocrx_word' id='word_1_193' title='bbox 799 4280 977 4371; x_wconf 88' lang='lat' dir='ltr'>spatium,</span> <span class='ocrx_word' id='word_1_194' title='bbox 997 4279 1091 4349; x_wconf 90' lang='lat' dir='ltr'>Bibo</span> <span class='ocrx_word' id='word_1_195' title='bbox 1109 4280 1247 4351; x_wconf 91' lang='lat' dir='ltr'>vinum.</span> <span class='ocrx_word' id='word_1_196' title='bbox 1299 4280 1355 4349; x_wconf 86' lang='lat' dir='ltr'>Ab</span> <span class='ocrx_word' id='word_1_197' title='bbox 1380 4276 1438 4351; x_wconf 92' lang='lat' dir='ltr'>bis</span> 
     </span>
     <span class='ocr_line' id='line_1_36' title="bbox 441 4380 1438 4476; baseline -0.002 -24"><span class='ocrx_word' id='word_1_198' title='bbox 441 4380 582 4464; x_wconf 83' lang='lat' dir='ltr'>verbis,</span> <span class='ocrx_word' id='word_1_199' title='bbox 623 4404 705 4450; x_wconf 93' lang='lat' dir='ltr'>cum</span> <span class='ocrx_word' id='word_1_200' title='bbox 737 4381 891 4450; x_wconf 89' lang='lat' dir='ltr'>activam</span> <span class='ocrx_word' id='word_1_201' title='bbox 924 4382 1222 4473; x_wconf 87' lang='lat' dir='ltr'>significationem</span> <span class='ocrx_word' id='word_1_202' title='bbox 1248 4407 1363 4476; x_wconf 87' lang='lat' dir='ltr'>paene</span> <span class='ocrx_word' id='word_1_203' title='bbox 1382 4382 1438 4451; x_wconf 92' lang='lat' dir='ltr'>in-</span> 
     </span>
     <span class='ocr_line' id='line_1_37' title="bbox 441 4483 1438 4577; baseline -0.001 -23"><span class='ocrx_word' id='word_1_204' title='bbox 441 4486 575 4567; x_wconf 85' lang='lat' dir='ltr'>duant,</span> <span class='ocrx_word' id='word_1_205' title='bbox 615 4484 708 4551; x_wconf 83' lang='lat' dir='ltr'>fiunt</span> <span class='ocrx_word' id='word_1_206' title='bbox 727 4483 853 4552; x_wconf 88' lang='lat' dir='ltr'>tertiae</span> <span class='ocrx_word' id='word_1_207' title='bbox 877 4508 1051 4575; x_wconf 88' lang='lat' dir='ltr'>personae</span> <span class='ocrx_word' id='word_1_208' title='bbox 1082 4487 1262 4577; x_wconf 89' lang='lat' dir='ltr'>passivae:</span> <span class='ocrx_word' id='word_1_209' title='bbox 1302 4487 1438 4559; x_wconf 82' lang='lat' dir='ltr'>Aratur</span> 
     </span>
     <span class='ocr_line' id='line_1_38' title="bbox 440 4584 1436 4671; baseline -0.003 -12"><span class='ocrx_word' id='word_1_210' title='bbox 440 4600 559 4671; x_wconf 89' lang='lat' dir='ltr'>terra,</span> <span class='ocrx_word' id='word_1_211' title='bbox 590 4584 736 4655; x_wconf 91' lang='lat' dir='ltr'>Bibitur</span> <span class='ocrx_word' id='word_1_212' title='bbox 759 4585 905 4669; x_wconf 90' lang='lat' dir='ltr'>vinum,</span> <span class='ocrx_word' id='word_1_213' title='bbox 945 4609 1031 4654; x_wconf 92' lang='lat' dir='ltr'>nam</span> <span class='ocrx_word' id='word_1_214' title='bbox 1055 4611 1161 4670; x_wconf 89' lang='lat' dir='ltr'>arur,</span> <span class='ocrx_word' id='word_1_215' title='bbox 1195 4588 1302 4656; x_wconf 91' lang='lat' dir='ltr'>bibor</span> <span class='ocrx_word' id='word_1_216' title='bbox 1328 4612 1436 4657; x_wconf 87' lang='lat' dir='ltr'>nemo</span> 
     </span>
     <span class='ocr_line' id='line_1_39' title="bbox 439 4685 1437 4780; baseline -0.003 -19"><span class='ocrx_word' id='word_1_217' title='bbox 439 4690 541 4762; x_wconf 82' lang='lat' dir='ltr'>dixit.</span> <span class='ocrx_word' id='word_1_218' title='bbox 593 4689 685 4760; x_wconf 90' lang='lat' dir='ltr'>Sunt</span> <span class='ocrx_word' id='word_1_219' title='bbox 707 4685 792 4757; x_wconf 92' lang='lat' dir='ltr'>hinc</span> <span class='ocrx_word' id='word_1_220' title='bbox 814 4699 850 4756; x_wconf 93' lang='lat' dir='ltr'>et</span> <span class='ocrx_word' id='word_1_221' title='bbox 871 4687 1061 4780; x_wconf 87' lang='lat' dir='ltr'>participia</span> <span class='ocrx_word' id='word_1_222' title='bbox 1083 4689 1244 4780; x_wconf 89' lang='lat' dir='ltr'>passiva:</span> <span class='ocrx_word' id='word_1_223' title='bbox 1277 4689 1437 4761; x_wconf 88' lang='lat' dir='ltr'>Decurso</span> 
     </span>
     <span class='ocr_line' id='line_1_40' title="bbox 440 4790 1425 4887; baseline -0.006 -23"><span class='ocrx_word' id='word_1_224' title='bbox 440 4793 580 4887; x_wconf 92' lang='lat' dir='ltr'>spatio,</span> <span class='ocrx_word' id='word_1_225' title='bbox 607 4794 704 4884; x_wconf 92' lang='lat' dir='ltr'>apud</span> <span class='ocrx_word' id='word_1_226' title='bbox 721 4790 944 4862; x_wconf 87' lang='lat' dir='ltr'>Terentium.</span> <span class='ocrx_word' id='word_1_227' title='bbox 1419 4853 1425 4858; x_wconf 89' lang='lat'>.</span> 
     </span>
    </p>

    <p class='ocr_par' dir='ltr' id='par_1_13' title="bbox 441 4893 1439 5396">
     <span class='ocr_line' id='line_1_41' title="bbox 545 4893 1439 4985; baseline 0 -21"><span class='ocrx_word' id='word_1_228' title='bbox 545 4894 782 4965; x_wconf 88' lang='lat' dir='ltr'>Grammatici</span> <span class='ocrx_word' id='word_1_229' title='bbox 799 4908 932 4964; x_wconf 91' lang='lat' dir='ltr'>vocant</span> <span class='ocrx_word' id='word_1_230' title='bbox 949 4893 1017 4962; x_wconf 93' lang='lat' dir='ltr'>tria</span> <span class='ocrx_word' id='word_1_231' title='bbox 1036 4895 1144 4964; x_wconf 90' lang='lat' dir='ltr'>verba</span> <span class='ocrx_word' id='word_1_232' title='bbox 1163 4894 1342 4965; x_wconf 88' lang='lat' dir='ltr'>neutralia</span> <span class='ocrx_word' id='word_1_233' title='bbox 1359 4918 1439 4985; x_wconf 91' lang='lat' dir='ltr'>pas·</span> 
     </span>
     <span class='ocr_line' id='line_1_42' title="bbox 441 4996 1437 5094; baseline -0.005 -25"><span class='ocrx_word' id='word_1_234' title='bbox 441 4996 538 5079; x_wconf 90' lang='lat' dir='ltr'>siva,</span> <span class='ocrx_word' id='word_1_235' title='bbox 569 5019 662 5094; x_wconf 89' lang='lat' dir='ltr'>quae</span> <span class='ocrx_word' id='word_1_236' title='bbox 677 4996 725 5091; x_wconf 80' lang='lat'>⁷¹)</span> <span class='ocrx_word' id='word_1_237' title='bbox 755 5021 904 5089; x_wconf 90' lang='lat' dir='ltr'>prorsus</span> <span class='ocrx_word' id='word_1_238' title='bbox 934 4996 1234 5089; x_wconf 83' lang='lat' dir='ltr'>significationem</span> <span class='ocrx_word' id='word_1_239' title='bbox 1258 5008 1293 5065; x_wconf 91' lang='lat' dir='ltr'>et</span> <span class='ocrx_word' id='word_1_240' title='bbox 1315 5020 1437 5066; x_wconf 88' lang='lat' dir='ltr'>casum</span> 
     </span>
     <span class='ocr_line' id='line_1_43' title="bbox 441 5095 1437 5194; baseline 0.003 -28"><span class='ocrx_word' id='word_1_241' title='bbox 441 5098 670 5190; x_wconf 85' lang='lat' dir='ltr'>passivorum</span> <span class='ocrx_word' id='word_1_242' title='bbox 696 5095 853 5182; x_wconf 89' lang='lat' dir='ltr'>babent,</span> <span class='ocrx_word' id='word_1_243' title='bbox 895 5099 983 5184; x_wconf 80' lang='lat' dir='ltr'>rio,</span> <span class='ocrx_word' id='word_1_244' title='bbox 1031 5102 1131 5194; x_wconf 91' lang='lat' dir='ltr'>quod</span> <span class='ocrx_word' id='word_1_245' title='bbox 1167 5111 1220 5169; x_wconf 91' lang='lat' dir='ltr'>est</span> <span class='ocrx_word' id='word_1_246' title='bbox 1255 5100 1437 5190; x_wconf 91' lang='lat' dir='ltr'>passivum</span> 
     </span>
     <span class='ocr_line' id='line_1_44' title="bbox 444 5193 1438 5293; baseline -0.003 -19"><span class='ocrx_word' id='word_1_247' title='bbox 444 5193 649 5293; x_wconf 76' lang='grc' dir='ltr'>ἀνώμαλον</span> <span class='ocrx_word' id='word_1_248' title='bbox 662 5201 762 5270; x_wconf 87' lang='lat' dir='ltr'>verbi</span> <span class='ocrx_word' id='word_1_249' title='bbox 776 5201 882 5273; x_wconf 86' lang='lat' dir='ltr'>facio.</span> <span class='ocrx_word' id='word_1_250' title='bbox 932 5202 1058 5272; x_wconf 87' lang='lat' dir='ltr'>Veneo</span> <span class='ocrx_word' id='word_1_251' title='bbox 1078 5214 1173 5286; x_wconf 90' lang='lat' dir='ltr'>ate,</span> <span class='ocrx_word' id='word_1_252' title='bbox 1199 5202 1236 5271; x_wconf 93' lang='lat' dir='ltr'>id</span> <span class='ocrx_word' id='word_1_253' title='bbox 1255 5215 1326 5288; x_wconf 91' lang='lat' dir='ltr'>est,</span> <span class='ocrx_word' id='word_1_254' title='bbox 1352 5226 1438 5272; x_wconf 87' lang='lat' dir='ltr'>ven-</span> 
     </span>
     <span class='ocr_line' id='line_1_45' title="bbox 443 5303 1438 5396; baseline 0.006 -26"><span class='ocrx_word' id='word_1_255' title='bbox 443 5304 512 5371; x_wconf 88' lang='lat' dir='ltr'>dor</span> <span class='ocrx_word' id='word_1_256' title='bbox 534 5326 554 5370; x_wconf 95' lang='lat' dir='ltr'>a</span> <span class='ocrx_word' id='word_1_257' title='bbox 577 5316 624 5374; x_wconf 84' lang='lat' dir='ltr'>te.</span> <span class='ocrx_word' id='word_1_258' title='bbox 676 5303 818 5396; x_wconf 88' lang='lat' dir='ltr'>Vapulo</span> <span class='ocrx_word' id='word_1_259' title='bbox 841 5328 860 5373; x_wconf 92' lang='lat' dir='ltr'>a</span> <span class='ocrx_word' id='word_1_260' title='bbox 885 5315 940 5388; x_wconf 91' lang='lat' dir='ltr'>te,</span> <span class='ocrx_word' id='word_1_261' title='bbox 968 5305 1006 5374; x_wconf 92' lang='lat' dir='ltr'>id</span> <span class='ocrx_word' id='word_1_262' title='bbox 1031 5317 1105 5387; x_wconf 86' lang='lat' dir='ltr'>est,</span> <span class='ocrx_word' id='word_1_263' title='bbox 1146 5307 1318 5375; x_wconf 88' lang='lat' dir='ltr'>verberor</span> <span class='ocrx_word' id='word_1_264' title='bbox 1344 5331 1364 5375; x_wconf 93' lang='lat' dir='ltr'>a</span> <span class='ocrx_word' id='word_1_265' title='bbox 1392 5319 1438 5377; x_wconf 91' lang='lat' dir='ltr'>te.</span> 
     </span>
    </p>
   </div>
   <div class='ocr_carea' id='block_1_10' title="bbox 477 5539 1333 5830">
    <p class='ocr_par' dir='ltr' id='par_1_14' title="bbox 477 5539 1333 5830">
     <span class='ocr_line' id='line_1_46' title="bbox 477 5539 1147 5623; baseline 0.006 -17"><span class='ocrx_word' id='word_1_266' title='bbox 477 5553 526 5620; x_wconf 81' lang='lat' dir='ltr'>ss)</span> <span class='ocrx_word' id='word_1_267' title='bbox 544 5554 660 5622; x_wconf 72' lang='grc' dir='ltr'>ιιιιιιο]</span> <span class='ocrx_word' id='word_1_268' title='bbox 684 5556 767 5610; x_wconf 79' lang='lat' dir='ltr'>ram</span> <span class='ocrx_word' id='word_1_269' title='bbox 788 5556 875 5620; x_wconf 75' lang='lat' dir='ltr'>issa,</span> <span class='ocrx_word' id='word_1_270' title='bbox 894 5569 918 5608; x_wconf 75' lang='lat' dir='ltr'>a.</span> <span class='ocrx_word' id='word_1_271' title='bbox 931 5568 973 5609; x_wconf 64' lang='lat' dir='ltr'>a:</span> <span class='ocrx_word' id='word_1_272' title='bbox 998 5539 1147 5623; x_wconf 71' lang='lat' dir='ltr'>siligenes</span> 
     </span>
     <span class='ocr_line' id='line_1_47' title="bbox 481 5656 1333 5726; baseline 0.005 -15"><span class='ocrx_word' id='word_1_273' title='bbox 481 5656 530 5725; x_wconf 79' lang='grc'>70)</span> <span class='ocrx_word' id='word_1_274' title='bbox 548 5670 642 5709; x_wconf 76' lang='lat' dir='ltr'>mann</span> <span class='ocrx_word' id='word_1_275' title='bbox 658 5658 849 5722; x_wconf 83' lang='lat' dir='ltr'>pssstvorun]</span> <span class='ocrx_word' id='word_1_276' title='bbox 867 5661 920 5711; x_wconf 80' lang='lat' dir='ltr'>re.</span> <span class='ocrx_word' id='word_1_277' title='bbox 935 5674 959 5711; x_wconf 90' lang='lat' dir='ltr'>s.</span> <span class='ocrx_word' id='word_1_278' title='bbox 974 5670 1018 5712; x_wconf 70' lang='lat' dir='ltr'>e:</span> <span class='ocrx_word' id='word_1_279' title='bbox 1044 5661 1221 5726; x_wconf 76' lang='lat' dir='ltr'>passivorum</span> <span class='ocrx_word' id='word_1_280' title='bbox 1237 5672 1333 5715; x_wconf 73' lang='lat' dir='ltr'>cuum</span> 
     </span>
     <span class='ocr_line' id='line_1_48' title="bbox 480 5755 1328 5830; baseline 0.006 -17"><span class='ocrx_word' id='word_1_281' title='bbox 480 5759 530 5827; x_wconf 82' lang='grc'>71)</span> <span class='ocrx_word' id='word_1_282' title='bbox 549 5765 634 5827; x_wconf 76' lang='lat' dir='ltr'>ques]</span> <span class='ocrx_word' id='word_1_283' title='bbox 653 5762 738 5815; x_wconf 76' lang='lat' dir='ltr'>rust</span> <span class='ocrx_word' id='word_1_284' title='bbox 751 5764 845 5830; x_wconf 64' lang='lat' dir='ltr'>luo,</span> <span class='ocrx_word' id='word_1_285' title='bbox 863 5777 887 5818; x_wconf 84' lang='lat' dir='ltr'>s.</span> <span class='ocrx_word' id='word_1_286' title='bbox 900 5775 944 5818; x_wconf 61' lang='lat' dir='ltr'>e:</span> <span class='ocrx_word' id='word_1_287' title='bbox 971 5775 1041 5829; x_wconf 80' lang='lat' dir='ltr'>quse</span> <span class='ocrx_word' id='word_1_288' title='bbox 1058 5764 1088 5816; x_wconf 88' lang='lat' dir='ltr'>tn</span> <span class='ocrx_word' id='word_1_289' title='bbox 1106 5778 1129 5819; x_wconf 67' lang='lat' dir='ltr'>o⁴</span> <span class='ocrx_word' id='word_1_290' title='bbox 1141 5766 1298 5820; x_wconf 70' lang='lat' dir='ltr'>tutnsntts</span> <span class='ocrx_word' id='word_1_291' title='bbox 1323 5755 1328 5763; x_wconf 65' lang='grc'><em>’</em></span> 
     </span>
    </p>
   </div>
   <div class='ocr_carea' id='block_1_11' title="bbox 1006 492 1908 626">
    <p class='ocr_par' dir='ltr' id='par_1_15' title="bbox 1006 492 1908 626">
     <span class='ocr_line' id='line_1_49' title="bbox 1006 492 1908 626; baseline 0 -2"><span class='ocrx_word' id='word_1_292' title='bbox 1006 550 1130 625; x_wconf 82' lang='lat' dir='ltr'>run.</span> <span class='ocrx_word' id='word_1_293' title='bbox 1164 550 1280 624; x_wconf 78' lang='lat' dir='ltr'>uus.</span> <span class='ocrx_word' id='word_1_294' title='bbox 1312 549 1515 624; x_wconf 80' lang='lat' dir='ltr'>senum</span> <span class='ocrx_word' id='word_1_295' title='bbox 1547 492 1908 626; x_wconf 61' lang='lat' dir='ltr'>ruuoroorcs&#39;</span> 
     </span>
    </p>
   </div>
   <div class='ocr_carea' id='block_1_12' title="bbox 2404 560 2484 632">
    <p class='ocr_par' dir='ltr' id='par_1_16' title="bbox 2404 560 2484 632">
     <span class='ocr_line' id='line_1_50' title="bbox 2404 560 2484 632; baseline 0 0"><span class='ocrx_word' id='word_1_296' title='bbox 2404 560 2484 632; x_wconf 73' lang='grc'>800</span> 
     </span>
    </p>
   </div>
   <div class='ocr_carea' id='block_1_13' title="bbox 1488 721 2486 1836">
    <p class='ocr_par' dir='ltr' id='par_1_17' title="bbox 1488 721 2486 1836">
     <span class='ocr_line' id='line_1_51' title="bbox 1490 721 2484 819; baseline 0.008 -26"><span class='ocrx_word' id='word_1_297' title='bbox 1490 721 1612 817; x_wconf 87' lang='lat' dir='ltr'>Inepte</span> <span class='ocrx_word' id='word_1_298' title='bbox 1628 725 1845 796; x_wconf 91' lang='lat' dir='ltr'>addiderunt</span> <span class='ocrx_word' id='word_1_299' title='bbox 1871 725 1994 808; x_wconf 84' lang='lat' dir='ltr'>exulo,</span> <span class='ocrx_word' id='word_1_300' title='bbox 2027 723 2064 793; x_wconf 93' lang='lat' dir='ltr'>id</span> <span class='ocrx_word' id='word_1_301' title='bbox 2088 725 2183 794; x_wconf 87' lang='lat' dir='ltr'>enim</span> <span class='ocrx_word' id='word_1_302' title='bbox 2207 749 2283 795; x_wconf 93' lang='lat' dir='ltr'>non</span> <span class='ocrx_word' id='word_1_303' title='bbox 2304 727 2484 819; x_wconf 85' lang='lat' dir='ltr'>significat</span> 
     </span>
     <span class='ocr_line' id='line_1_52' title="bbox 1489 827 2460 929; baseline 0.008 -32"><span class='ocrx_word' id='word_1_304' title='bbox 1489 829 1662 919; x_wconf 88' lang='lat' dir='ltr'>relegari,</span> <span class='ocrx_word' id='word_1_305' title='bbox 1685 831 1748 901; x_wconf 92' lang='lat' dir='ltr'>sed</span> <span class='ocrx_word' id='word_1_306' title='bbox 1763 829 1879 900; x_wconf 90' lang='lat' dir='ltr'>solum</span> <span class='ocrx_word' id='word_1_307' title='bbox 1894 830 2060 911; x_wconf 89' lang='lat' dir='ltr'>vertisse,</span> <span class='ocrx_word' id='word_1_308' title='bbox 2086 827 2122 897; x_wconf 86' lang='lat' dir='ltr'>et</span> <span class='ocrx_word' id='word_1_309' title='bbox 2135 830 2250 920; x_wconf 88' lang='lat' dir='ltr'>patria</span> <span class='ocrx_word' id='word_1_310' title='bbox 2267 831 2460 929; x_wconf 64' lang='lat' dir='ltr'>carereP).</span> 
     </span>
     <span class='ocr_line' id='line_1_53' title="bbox 1594 924 2485 1021; baseline 0.006 -21"><span class='ocrx_word' id='word_1_311' title='bbox 1594 930 1794 1002; x_wconf 89' lang='lat' dir='ltr'>Commune</span> <span class='ocrx_word' id='word_1_312' title='bbox 1826 954 1937 1021; x_wconf 89' lang='lat' dir='ltr'>genus</span> <span class='ocrx_word' id='word_1_313' title='bbox 1968 924 2161 1000; x_wconf 79' lang='lat' dir='ltr'>verborum</span> <span class='ocrx_word' id='word_1_314' title='bbox 2185 931 2223 999; x_wconf 92' lang='lat' dir='ltr'>in</span> <span class='ocrx_word' id='word_1_315' title='bbox 2247 957 2291 1001; x_wconf 90' lang='lat' dir='ltr'>or</span> <span class='ocrx_word' id='word_1_316' title='bbox 2314 936 2485 1005; x_wconf 90' lang='lat' dir='ltr'>desinen-</span> 
     </span>
     <span class='ocr_line' id='line_1_54' title="bbox 1490 1033 2483 1128; baseline 0.009 -27"><span class='ocrx_word' id='word_1_317' title='bbox 1490 1033 1602 1116; x_wconf 90' lang='lat' dir='ltr'>tium,</span> <span class='ocrx_word' id='word_1_318' title='bbox 1630 1057 1722 1124; x_wconf 88' lang='lat' dir='ltr'>quae</span> <span class='ocrx_word' id='word_1_319' title='bbox 1735 1034 1950 1125; x_wconf 91' lang='lat' dir='ltr'>promiscue,</span> <span class='ocrx_word' id='word_1_320' title='bbox 1977 1033 2065 1104; x_wconf 90' lang='lat' dir='ltr'>alias</span> <span class='ocrx_word' id='word_1_321' title='bbox 2083 1033 2210 1117; x_wconf 87' lang='lat' dir='ltr'>active,</span> <span class='ocrx_word' id='word_1_322' title='bbox 2236 1035 2325 1106; x_wconf 89' lang='lat' dir='ltr'>alias</span> <span class='ocrx_word' id='word_1_323' title='bbox 2340 1039 2483 1128; x_wconf 87' lang='lat' dir='ltr'>passive</span> 
     </span>
     <span class='ocr_line' id='line_1_55' title="bbox 1489 1131 2485 1226; baseline 0.007 -20"><span class='ocrx_word' id='word_1_324' title='bbox 1489 1136 1709 1226; x_wconf 86' lang='lat' dir='ltr'>significant,</span> <span class='ocrx_word' id='word_1_325' title='bbox 1741 1148 1783 1206; x_wconf 91' lang='lat' dir='ltr'>ut</span> <span class='ocrx_word' id='word_1_326' title='bbox 1803 1135 1976 1204; x_wconf 87' lang='lat' dir='ltr'>criminor</span> <span class='ocrx_word' id='word_1_327' title='bbox 1998 1131 2280 1221; x_wconf 89' lang='lat' dir='ltr'>Phormionem,</span> <span class='ocrx_word' id='word_1_328' title='bbox 2307 1140 2485 1213; x_wconf 88' lang='lat' dir='ltr'>criminor</span> 
     </span>
     <span class='ocr_line' id='line_1_56' title="bbox 1490 1235 2485 1331; baseline 0.011 -25"><span class='ocrx_word' id='word_1_329' title='bbox 1490 1261 1509 1306; x_wconf 93' lang='lat' dir='ltr'>a</span> <span class='ocrx_word' id='word_1_330' title='bbox 1534 1235 1769 1308; x_wconf 90' lang='lat' dir='ltr'>Phormione.</span> <span class='ocrx_word' id='word_1_331' title='bbox 1829 1237 2031 1307; x_wconf 87' lang='lat' dir='ltr'>Discrimeu</span> <span class='ocrx_word' id='word_1_332' title='bbox 2051 1238 2321 1331; x_wconf 84' lang='lat' dir='ltr'>significationis</span> <span class='ocrx_word' id='word_1_333' title='bbox 2345 1244 2485 1317; x_wconf 88' lang='lat' dir='ltr'>indicat</span> 
     </span>
     <span class='ocr_line' id='line_1_57' title="bbox 1489 1338 2486 1432; baseline 0.01 -22"><span class='ocrx_word' id='word_1_334' title='bbox 1489 1340 1728 1424; x_wconf 87' lang='lat' dir='ltr'>constructio,</span> <span class='ocrx_word' id='word_1_335' title='bbox 1767 1364 1830 1412; x_wconf 91' lang='lat' dir='ltr'>seu</span> <span class='ocrx_word' id='word_1_336' title='bbox 1852 1364 1953 1411; x_wconf 90' lang='lat' dir='ltr'>casus</span> <span class='ocrx_word' id='word_1_337' title='bbox 1977 1338 2151 1432; x_wconf 83' lang='lat' dir='ltr'>personae</span> <span class='ocrx_word' id='word_1_338' title='bbox 2174 1343 2333 1416; x_wconf 89' lang='lat' dir='ltr'>adiectus</span> <span class='ocrx_word' id='word_1_339' title='bbox 2356 1349 2486 1422; x_wconf 91' lang='lat' dir='ltr'>verbo.</span> 
     </span>
     <span class='ocr_line' id='line_1_58' title="bbox 1489 1442 2485 1522; baseline 0.007 -8"><span class='ocrx_word' id='word_1_340' title='bbox 1489 1442 1594 1514; x_wconf 93' lang='lat' dir='ltr'>Nunc</span> <span class='ocrx_word' id='word_1_341' title='bbox 1629 1466 1704 1512; x_wconf 93' lang='lat' dir='ltr'>non</span> <span class='ocrx_word' id='word_1_342' title='bbox 1738 1444 1787 1512; x_wconf 93' lang='lat' dir='ltr'>ita</span> <span class='ocrx_word' id='word_1_343' title='bbox 1823 1445 1934 1513; x_wconf 91' lang='lat' dir='ltr'>multa</span> <span class='ocrx_word' id='word_1_344' title='bbox 1970 1466 2203 1516; x_wconf 90' lang='lat' dir='ltr'>numeramus</span> <span class='ocrx_word' id='word_1_345' title='bbox 2237 1449 2348 1518; x_wconf 83' lang='lat' dir='ltr'>verba</span> <span class='ocrx_word' id='word_1_346' title='bbox 2382 1475 2485 1522; x_wconf 92' lang='lat' dir='ltr'>com·</span> 
     </span>
     <span class='ocr_line' id='line_1_59' title="bbox 1488 1545 1626 1617; baseline 0.014 -2"><span class='ocrx_word' id='word_1_347' title='bbox 1488 1545 1626 1617; x_wconf 89' lang='lat' dir='ltr'>munia.</span> 
     </span>
     <span class='ocr_line' id='line_1_60' title="bbox 1642 1663 1827 1734; baseline -0.011 0"><span class='ocrx_word' id='word_1_348' title='bbox 1642 1663 1827 1734; x_wconf 86' lang='lat' dir='ltr'>Criminor</span> 
     </span>
     <span class='ocr_line' id='line_1_61' title="bbox 1642 1765 1783 1836; baseline 0 -1"><span class='ocrx_word' id='word_1_349' title='bbox 1642 1765 1783 1836; x_wconf 80' lang='lat' dir='ltr'>Adulor</span> 
     </span>
    </p>
   </div>
   <div class='ocr_carea' id='block_1_14' title="bbox 1984 1664 2140 1737">
    <p class='ocr_par' dir='ltr' id='par_1_18' title="bbox 1984 1664 2140 1737">
     <span class='ocr_line' id='line_1_62' title="bbox 1984 1664 2140 1737; baseline 0.013 -2"><span class='ocrx_word' id='word_1_350' title='bbox 1984 1664 2140 1737; x_wconf 88' lang='lat' dir='ltr'>Osculor</span> 
     </span>
    </p>
   </div>
   <div class='ocr_carea' id='block_1_15' title="bbox 1643 1767 2162 1962">
    <p class='ocr_par' dir='ltr' id='par_1_19' title="bbox 1643 1767 2162 1962">
     <span class='ocr_line' id='line_1_63' title="bbox 1983 1767 2162 1840; baseline 0.017 -4"><span class='ocrx_word' id='word_1_351' title='bbox 1983 1767 2162 1840; x_wconf 89' lang='lat' dir='ltr'>Consolor</span> 
     </span>
     <span class='ocr_line' id='line_1_64' title="bbox 1643 1868 2126 1962; baseline 0.004 -23"><span class='ocrx_word' id='word_1_352' title='bbox 1643 1869 1815 1939; x_wconf 87' lang='lat' dir='ltr'>Frustror</span> <span class='ocrx_word' id='word_1_353' title='bbox 1983 1868 2126 1962; x_wconf 76' lang='lat' dir='ltr'>Dignos</span> 
     </span>
    </p>
   </div>
   <div class='ocr_carea' id='block_1_16' title="bbox 1641 1924 2387 2073">
    <p class='ocr_par' dir='ltr' id='par_1_20' title="bbox 1641 1924 2387 2073">
     <span class='ocr_line' id='line_1_65' title="bbox 1641 1924 2387 2073; baseline 0.005 -32"><span class='ocrx_word' id='word_1_354' title='bbox 1641 1971 1804 2064; x_wconf 86' lang='lat' dir='ltr'>Stipulor</span> <span class='ocrx_word' id='word_1_355' title='bbox 1981 1971 2190 2064; x_wconf 86' lang='lat' dir='ltr'>Depeculor</span> <span class='ocrx_word' id='word_1_356' title='bbox 2206 1973 2267 2073; x_wconf 72' lang='grc'>11).</span> <span class='ocrx_word' id='word_1_357' title='bbox 2342 2011 2347 2019; x_wconf 93' lang='grc'><em>·</em></span> <span class='ocrx_word' id='word_1_358' title='bbox 2385 1924 2387 1929; x_wconf 18' lang='lat'><strong>⁴</strong></span> 
     </span>
    </p>
   </div>
   <div class='ocr_carea' id='block_1_17' title="bbox 1486 2087 2485 3312">
    <p class='ocr_par' dir='ltr' id='par_1_21' title="bbox 1486 2087 2485 3312">
     <span class='ocr_line' id='line_1_66' title="bbox 1591 2087 2481 2186; baseline 0.003 -24"><span class='ocrx_word' id='word_1_359' title='bbox 1591 2089 1717 2162; x_wconf 85' lang='lat' dir='ltr'>Cicero</span> <span class='ocrx_word' id='word_1_360' title='bbox 1735 2087 1957 2181; x_wconf 85' lang='lat' dir='ltr'>Interpretor</span> <span class='ocrx_word' id='word_1_361' title='bbox 1980 2103 2016 2160; x_wconf 92' lang='lat' dir='ltr'>et</span> <span class='ocrx_word' id='word_1_362' title='bbox 2030 2089 2162 2161; x_wconf 83' lang='lat' dir='ltr'>Testor</span> <span class='ocrx_word' id='word_1_363' title='bbox 2183 2092 2323 2184; x_wconf 86' lang='lat' dir='ltr'>passiva</span> <span class='ocrx_word' id='word_1_364' title='bbox 2346 2093 2481 2186; x_wconf 84' lang='lat' dir='ltr'>signifi·</span> 
     </span>
     <span class='ocr_line' id='line_1_67' title="bbox 1488 2190 2478 2275; baseline 0.006 -15"><span class='ocrx_word' id='word_1_365' title='bbox 1488 2192 1629 2263; x_wconf 92' lang='lat' dir='ltr'>catione</span> <span class='ocrx_word' id='word_1_366' title='bbox 1660 2218 1744 2264; x_wconf 91' lang='lat' dir='ltr'>usus</span> <span class='ocrx_word' id='word_1_367' title='bbox 1769 2205 1840 2275; x_wconf 90' lang='lat' dir='ltr'>est,</span> <span class='ocrx_word' id='word_1_368' title='bbox 1880 2203 1916 2260; x_wconf 92' lang='lat' dir='ltr'>et</span> <span class='ocrx_word' id='word_1_369' title='bbox 1941 2190 2150 2265; x_wconf 85' lang='lat' dir='ltr'>Terentius:</span> <span class='ocrx_word' id='word_1_370' title='bbox 2193 2195 2366 2266; x_wconf 89' lang='lat' dir='ltr'>Meditata</span> <span class='ocrx_word' id='word_1_371' title='bbox 2391 2198 2478 2269; x_wconf 84' lang='lat' dir='ltr'>suut</span> 
     </span>
     <span class='ocr_line' id='line_1_68' title="bbox 1486 2292 2479 2391; baseline 0.004 -27"><span class='ocrx_word' id='word_1_372' title='bbox 1486 2292 1578 2364; x_wconf 89' lang='lat' dir='ltr'>mihi</span> <span class='ocrx_word' id='word_1_373' title='bbox 1605 2295 1748 2379; x_wconf 93' lang='lat' dir='ltr'>omnia,</span> <span class='ocrx_word' id='word_1_374' title='bbox 1789 2293 1941 2386; x_wconf 87' lang='lat' dir='ltr'>passive.</span> <span class='ocrx_word' id='word_1_375' title='bbox 2007 2293 2056 2365; x_wconf 85' lang='lat' dir='ltr'>Et</span> <span class='ocrx_word' id='word_1_376' title='bbox 2080 2295 2305 2369; x_wconf 89' lang='lat' dir='ltr'>Emeutitum</span> <span class='ocrx_word' id='word_1_377' title='bbox 2336 2299 2479 2391; x_wconf 86' lang='lat' dir='ltr'>passiva</span> 
     </span>
     <span class='ocr_line' id='line_1_69' title="bbox 1487 2396 2481 2490; baseline 0.002 -20"><span class='ocrx_word' id='word_1_378' title='bbox 1487 2397 1747 2490; x_wconf 85' lang='lat' dir='ltr'>significatione</span> <span class='ocrx_word' id='word_1_379' title='bbox 1765 2396 1915 2490; x_wconf 92' lang='lat' dir='ltr'>plurimi</span> <span class='ocrx_word' id='word_1_380' title='bbox 1928 2397 2072 2470; x_wconf 82' lang='lat' dir='ltr'>dixere.¹</span> <span class='ocrx_word' id='word_1_381' title='bbox 2101 2398 2282 2470; x_wconf 83' lang='lat' dir='ltr'>Venerata</span> <span class='ocrx_word' id='word_1_382' title='bbox 2300 2403 2481 2486; x_wconf 87' lang='lat' dir='ltr'>sacerdos,</span> 
     </span>
     <span class='ocr_line' id='line_1_70' title="bbox 1487 2497 2482 2594; baseline 0.004 -24"><span class='ocrx_word' id='word_1_383' title='bbox 1487 2502 1584 2593; x_wconf 91' lang='lat' dir='ltr'>apud</span> <span class='ocrx_word' id='word_1_384' title='bbox 1599 2499 1789 2592; x_wconf 82' lang='lat' dir='ltr'>Virgilium</span> <span class='ocrx_word' id='word_1_385' title='bbox 1806 2510 1913 2570; x_wconf 84' lang='lat' dir='ltr'>extat.</span> <span class='ocrx_word' id='word_1_386' title='bbox 1964 2497 2068 2586; x_wconf 91' lang='lat' dir='ltr'>ltem,</span> <span class='ocrx_word' id='word_1_387' title='bbox 2092 2499 2247 2594; x_wconf 79' lang='lat' dir='ltr'>Expecta</span> <span class='ocrx_word' id='word_1_388' title='bbox 2264 2503 2392 2588; x_wconf 87' lang='lat' dir='ltr'>virtus,</span> <span class='ocrx_word' id='word_1_389' title='bbox 2416 2503 2482 2592; x_wconf 89' lang='lat' dir='ltr'>ali-</span> 
     </span>
     <span class='ocr_line' id='line_1_71' title="bbox 1487 2600 2484 2696; baseline 0.002 -22"><span class='ocrx_word' id='word_1_390' title='bbox 1487 2603 1570 2674; x_wconf 89' lang='lat' dir='ltr'>cubi</span> <span class='ocrx_word' id='word_1_391' title='bbox 1583 2603 1755 2674; x_wconf 89' lang='lat' dir='ltr'>invenias.</span> <span class='ocrx_word' id='word_1_392' title='bbox 1793 2600 1886 2672; x_wconf 91' lang='lat' dir='ltr'>Nam</span> <span class='ocrx_word' id='word_1_393' title='bbox 1903 2604 2131 2675; x_wconf 91' lang='lat' dir='ltr'>vetustissimi</span> <span class='ocrx_word' id='word_1_394' title='bbox 2141 2605 2354 2674; x_wconf 89' lang='lat' dir='ltr'>Latinorum</span> <span class='ocrx_word' id='word_1_395' title='bbox 2371 2606 2484 2696; x_wconf 78' lang='lat' dir='ltr'>plura</span> 
     </span>
     <span class='ocr_line' id='line_1_72' title="bbox 1488 2705 2485 2802; baseline -0.001 -26"><span class='ocrx_word' id='word_1_396' title='bbox 1488 2707 1683 2802; x_wconf 84' lang='lat' dir='ltr'>aliquando</span> <span class='ocrx_word' id='word_1_397' title='bbox 1710 2705 1819 2774; x_wconf 90' lang='lat' dir='ltr'>verba</span> <span class='ocrx_word' id='word_1_398' title='bbox 1847 2705 1887 2772; x_wconf 93' lang='lat' dir='ltr'>iu</span> <span class='ocrx_word' id='word_1_399' title='bbox 1913 2717 2066 2801; x_wconf 80' lang='lat' dir='ltr'>utraque</span> <span class='ocrx_word' id='word_1_400' title='bbox 2090 2706 2347 2800; x_wconf 87' lang='lat' dir='ltr'>significatione</span> <span class='ocrx_word' id='word_1_401' title='bbox 2372 2731 2485 2777; x_wconf 91' lang='lat' dir='ltr'>usur-</span> 
     </span>
     <span class='ocr_line' id='line_1_73' title="bbox 1486 2797 2483 2902; baseline 0.002 -26"><span class='ocrx_word' id='word_1_402' title='bbox 1486 2821 1640 2901; x_wconf 90' lang='lat' dir='ltr'>parunt,</span> <span class='ocrx_word' id='word_1_403' title='bbox 1667 2797 1776 2902; x_wconf 85' lang='lat' dir='ltr'>quam</span> <span class='ocrx_word' id='word_1_404' title='bbox 1790 2821 1914 2899; x_wconf 87' lang='lat' dir='ltr'>postea</span> <span class='ocrx_word' id='word_1_405' title='bbox 1931 2807 1970 2875; x_wconf 93' lang='lat' dir='ltr'>in</span> <span class='ocrx_word' id='word_1_406' title='bbox 1985 2810 2174 2880; x_wconf 83' lang='lat' dir='ltr'>usuiuere.</span> <span class='ocrx_word' id='word_1_407' title='bbox 2226 2807 2320 2879; x_wconf 92' lang='lat' dir='ltr'>Nam</span> <span class='ocrx_word' id='word_1_408' title='bbox 2343 2810 2483 2879; x_wconf 90' lang='lat' dir='ltr'>durum</span> 
     </span>
     <span class='ocr_line' id='line_1_74' title="bbox 1487 2909 2483 3003; baseline 0.001 -22"><span class='ocrx_word' id='word_1_409' title='bbox 1487 2911 1615 2996; x_wconf 81' lang='lat' dir='ltr'>fuerit,</span> <span class='ocrx_word' id='word_1_410' title='bbox 1641 2911 1671 2981; x_wconf 90' lang='lat' dir='ltr'>si</span> <span class='ocrx_word' id='word_1_411' title='bbox 1687 2911 1803 2994; x_wconf 91' lang='lat' dir='ltr'>dicas,</span> <span class='ocrx_word' id='word_1_412' title='bbox 1829 2909 1980 3002; x_wconf 89' lang='lat' dir='ltr'>pecunia</span> <span class='ocrx_word' id='word_1_413' title='bbox 2001 2911 2173 3002; x_wconf 91' lang='lat' dir='ltr'>largitur,</span> <span class='ocrx_word' id='word_1_414' title='bbox 2200 2935 2268 3003; x_wconf 93' lang='lat' dir='ltr'>pro</span> <span class='ocrx_word' id='word_1_415' title='bbox 2294 2911 2483 2982; x_wconf 90' lang='lat' dir='ltr'>distribui-</span> 
     </span>
     <span class='ocr_line' id='line_1_75' title="bbox 1488 3011 2482 3098; baseline 0 -14"><span class='ocrx_word' id='word_1_416' title='bbox 1488 3026 1569 3098; x_wconf 89' lang='lat' dir='ltr'>tur,</span> <span class='ocrx_word' id='word_1_417' title='bbox 1603 3027 1685 3098; x_wconf 90' lang='lat' dir='ltr'>aut,</span> <span class='ocrx_word' id='word_1_418' title='bbox 1719 3036 1820 3082; x_wconf 91' lang='lat' dir='ltr'>ame</span> <span class='ocrx_word' id='word_1_419' title='bbox 1841 3011 2029 3084; x_wconf 82' lang='lat' dir='ltr'>auxiliatus</span> <span class='ocrx_word' id='word_1_420' title='bbox 2053 3026 2116 3084; x_wconf 89' lang='lat' dir='ltr'>est.</span> <span class='ocrx_word' id='word_1_421' title='bbox 2171 3013 2332 3083; x_wconf 89' lang='lat' dir='ltr'>Proinde</span> <span class='ocrx_word' id='word_1_422' title='bbox 2358 3015 2482 3084; x_wconf 90' lang='lat' dir='ltr'>obser-</span> 
     </span>
     <span class='ocr_line' id='line_1_76' title="bbox 1488 3110 2482 3209; baseline 0.004 -25"><span class='ocrx_word' id='word_1_423' title='bbox 1488 3129 1574 3186; x_wconf 90' lang='lat' dir='ltr'>vent</span> <span class='ocrx_word' id='word_1_424' title='bbox 1589 3110 1658 3185; x_wconf 93' lang='lat' dir='ltr'>boc</span> <span class='ocrx_word' id='word_1_425' title='bbox 1675 3115 1712 3185; x_wconf 91' lang='lat' dir='ltr'>in</span> <span class='ocrx_word' id='word_1_426' title='bbox 1729 3117 1810 3185; x_wconf 91' lang='lat' dir='ltr'>loco</span> <span class='ocrx_word' id='word_1_427' title='bbox 1825 3115 1948 3208; x_wconf 92' lang='lat' dir='ltr'>pueri,</span> <span class='ocrx_word' id='word_1_428' title='bbox 1974 3115 2061 3209; x_wconf 90' lang='lat' dir='ltr'>quid</span> <span class='ocrx_word' id='word_1_429' title='bbox 2084 3116 2276 3207; x_wconf 88' lang='lat' dir='ltr'>probarint</span> <span class='ocrx_word' id='word_1_430' title='bbox 2299 3129 2362 3186; x_wconf 91' lang='lat' dir='ltr'>aut</span> <span class='ocrx_word' id='word_1_431' title='bbox 2381 3139 2482 3188; x_wconf 84' lang='lat' dir='ltr'>rece·</span> 
     </span>
     <span class='ocr_line' id='line_1_77' title="bbox 1488 3218 2225 3312; baseline 0.001 -23"><span class='ocrx_word' id='word_1_432' title='bbox 1488 3219 1609 3312; x_wconf 89' lang='lat' dir='ltr'>perint</span> <span class='ocrx_word' id='word_1_433' title='bbox 1622 3218 1694 3302; x_wconf 92' lang='lat' dir='ltr'>illi,</span> <span class='ocrx_word' id='word_1_434' title='bbox 1721 3218 1785 3312; x_wconf 92' lang='lat' dir='ltr'>qui</span> <span class='ocrx_word' id='word_1_435' title='bbox 1801 3219 1989 3289; x_wconf 91' lang='lat' dir='ltr'>emendate</span> <span class='ocrx_word' id='word_1_436' title='bbox 2002 3218 2114 3288; x_wconf 92' lang='lat' dir='ltr'>locuti</span> <span class='ocrx_word' id='word_1_437' title='bbox 2130 3232 2225 3290; x_wconf 83' lang='lat' dir='ltr'>sunt.</span> 
     </span>
    </p>
   </div>
   <div class='ocr_carea' id='block_1_18' title="bbox 1487 3336 2483 3935">
    <p class='ocr_par' dir='ltr' id='par_1_22' title="bbox 1487 3336 2483 3935">
     <span class='ocr_line' id='line_1_78' title="bbox 1589 3336 2481 3432; baseline 0.003 -25"><span class='ocrx_word' id='word_1_438' title='bbox 1589 3336 1818 3431; x_wconf 89' lang='lat' dir='ltr'>Deponentia</span> <span class='ocrx_word' id='word_1_439' title='bbox 1841 3339 2030 3422; x_wconf 90' lang='lat' dir='ltr'>dicuntur,</span> <span class='ocrx_word' id='word_1_440' title='bbox 2072 3362 2164 3432; x_wconf 90' lang='lat' dir='ltr'>quae</span> <span class='ocrx_word' id='word_1_441' title='bbox 2188 3364 2269 3409; x_wconf 92' lang='lat' dir='ltr'>cum</span> <span class='ocrx_word' id='word_1_442' title='bbox 2292 3339 2331 3408; x_wconf 92' lang='lat' dir='ltr'>in</span> <span class='ocrx_word' id='word_1_443' title='bbox 2354 3363 2398 3409; x_wconf 92' lang='lat' dir='ltr'>or</span> <span class='ocrx_word' id='word_1_444' title='bbox 2418 3341 2481 3410; x_wconf 89' lang='lat' dir='ltr'>de·</span> 
     </span>
     <span class='ocr_line' id='line_1_79' title="bbox 1488 3440 2482 3538; baseline -0.002 -25"><span class='ocrx_word' id='word_1_445' title='bbox 1488 3441 1628 3526; x_wconf 90' lang='lat' dir='ltr'>sinant,</span> <span class='ocrx_word' id='word_1_446' title='bbox 1653 3454 1775 3511; x_wconf 90' lang='lat' dir='ltr'>tamen</span> <span class='ocrx_word' id='word_1_447' title='bbox 1790 3442 1939 3511; x_wconf 90' lang='lat' dir='ltr'>alteram</span> <span class='ocrx_word' id='word_1_448' title='bbox 1957 3440 2255 3531; x_wconf 83' lang='lat' dir='ltr'>significationem</span> <span class='ocrx_word' id='word_1_449' title='bbox 2279 3444 2482 3538; x_wconf 88' lang='lat' dir='ltr'>deponunt,</span> 
     </span>
     <span class='ocr_line' id='line_1_80' title="bbox 1488 3539 2482 3637; baseline -0.002 -21"><span class='ocrx_word' id='word_1_450' title='bbox 1488 3557 1525 3616; x_wconf 90' lang='lat' dir='ltr'>et</span> <span class='ocrx_word' id='word_1_451' title='bbox 1538 3556 1601 3615; x_wconf 88' lang='lat' dir='ltr'>aut</span> <span class='ocrx_word' id='word_1_452' title='bbox 1616 3544 1730 3613; x_wconf 91' lang='lat' dir='ltr'>active</span> <span class='ocrx_word' id='word_1_453' title='bbox 1743 3544 1963 3634; x_wconf 88' lang='lat' dir='ltr'>significant,</span> <span class='ocrx_word' id='word_1_454' title='bbox 1990 3556 2030 3613; x_wconf 89' lang='lat' dir='ltr'>ut</span> <span class='ocrx_word' id='word_1_455' title='bbox 2051 3539 2311 3634; x_wconf 9' lang='lat' dir='ltr'>precorkDeum</span> <span class='ocrx_word' id='word_1_456' title='bbox 2322 3597 2344 3629; x_wconf 96' lang='lat'>,.</span> <span class='ocrx_word' id='word_1_457' title='bbox 2357 3544 2482 3637; x_wconf 90' lang='lat' dir='ltr'>patior</span> 
     </span>
     <span class='ocr_line' id='line_1_81' title="bbox 1488 3645 2483 3738; baseline 0.002 -22"><span class='ocrx_word' id='word_1_458' title='bbox 1488 3645 1680 3729; x_wconf 90' lang='lat' dir='ltr'>iniuriam,</span> <span class='ocrx_word' id='word_1_459' title='bbox 1707 3670 1832 3715; x_wconf 91' lang='lat' dir='ltr'>moror</span> <span class='ocrx_word' id='word_1_460' title='bbox 1856 3659 1912 3732; x_wconf 92' lang='lat' dir='ltr'>te,</span> <span class='ocrx_word' id='word_1_461' title='bbox 1937 3670 2070 3738; x_wconf 88' lang='lat' dir='ltr'>sequor</span> <span class='ocrx_word' id='word_1_462' title='bbox 2092 3659 2146 3730; x_wconf 91' lang='lat' dir='ltr'>te,</span> <span class='ocrx_word' id='word_1_463' title='bbox 2173 3660 2237 3717; x_wconf 91' lang='lat' dir='ltr'>aut</span> <span class='ocrx_word' id='word_1_464' title='bbox 2255 3648 2483 3733; x_wconf 86' lang='lat' dir='ltr'>neutraliter,</span> 
     </span>
     <span class='ocr_line' id='line_1_82' title="bbox 1487 3748 2483 3840; baseline 0 -20"><span class='ocrx_word' id='word_1_465' title='bbox 1487 3763 1529 3820; x_wconf 92' lang='lat' dir='ltr'>ut</span> <span class='ocrx_word' id='word_1_466' title='bbox 1544 3749 1734 3832; x_wconf 91' lang='lat' dir='ltr'>vaticinor,</span> <span class='ocrx_word' id='word_1_467' title='bbox 1760 3749 1874 3820; x_wconf 89' lang='lat' dir='ltr'>labor.</span> <span class='ocrx_word' id='word_1_468' title='bbox 1912 3748 2121 3840; x_wconf 82' lang='lat' dir='ltr'>Significant</span> <span class='ocrx_word' id='word_1_469' title='bbox 2132 3751 2343 3821; x_wconf 87' lang='lat' dir='ltr'>neutraliter</span> <span class='ocrx_word' id='word_1_470' title='bbox 2356 3751 2483 3835; x_wconf 90' lang='lat' dir='ltr'>etiam,</span> 
     </span>
     <span class='ocr_line' id='line_1_83' title="bbox 1488 3843 2061 3935; baseline 0 -14"><span class='ocrx_word' id='word_1_471' title='bbox 1488 3851 1748 3935; x_wconf 92' lang='lat' dir='ltr'>meoiudicio,</span> <span class='ocrx_word' id='word_1_472' title='bbox 1773 3843 1922 3935; x_wconf 82' lang='lat' dir='ltr'>nascor,</span> <span class='ocrx_word' id='word_1_473' title='bbox 1949 3851 2061 3921; x_wconf 90' lang='lat' dir='ltr'>orior.</span> 
     </span>
    </p>
   </div>
   <div class='ocr_carea' id='block_1_19' title="bbox 1488 3969 2485 4370">
    <p class='ocr_par' dir='ltr' id='par_1_23' title="bbox 1488 3969 2485 4370">
     <span class='ocr_line' id='line_1_84' title="bbox 1590 3969 2484 4063; baseline 0.002 -24"><span class='ocrx_word' id='word_1_474' title='bbox 1590 3972 1710 4044; x_wconf 85' lang='lat' dir='ltr'>Habes</span> <span class='ocrx_word' id='word_1_475' title='bbox 1724 3994 1895 4062; x_wconf 84' lang='lat' dir='ltr'>generum</span> <span class='ocrx_word' id='word_1_476' title='bbox 1911 3995 1974 4049; x_wconf 88' lang='lat' dir='ltr'>seu</span> <span class='ocrx_word' id='word_1_477' title='bbox 1989 3969 2288 4063; x_wconf 86' lang='lat' dir='ltr'>significationum</span> <span class='ocrx_word' id='word_1_478' title='bbox 2307 3971 2344 4042; x_wconf 95' lang='lat' dir='ltr'>in</span> <span class='ocrx_word' id='word_1_479' title='bbox 2360 3974 2484 4046; x_wconf 84' lang='lat' dir='ltr'>verbis</span> 
     </span>
     <span class='ocr_line' id='line_1_85' title="bbox 1488 4068 2485 4148; baseline 0.001 -4"><span class='ocrx_word' id='word_1_480' title='bbox 1488 4075 1673 4145; x_wconf 87' lang='lat' dir='ltr'>formulas.</span> <span class='ocrx_word' id='word_1_481' title='bbox 1743 4073 1834 4143; x_wconf 86' lang='lat' dir='ltr'>Sunt</span> <span class='ocrx_word' id='word_1_482' title='bbox 1868 4086 1987 4143; x_wconf 90' lang='lat' dir='ltr'>autem</span> <span class='ocrx_word' id='word_1_483' title='bbox 2020 4068 2079 4142; x_wconf 91' lang='lat' dir='ltr'>hic</span> <span class='ocrx_word' id='word_1_484' title='bbox 2113 4074 2221 4143; x_wconf 88' lang='lat' dir='ltr'>etiam</span> <span class='ocrx_word' id='word_1_485' title='bbox 2257 4077 2485 4148; x_wconf 90' lang='lat' dir='ltr'>admouendi</span> 
     </span>
     <span class='ocr_line' id='line_1_86' title="bbox 1488 4176 2484 4270; baseline 0.004 -23"><span class='ocrx_word' id='word_1_486' title='bbox 1488 4176 1612 4270; x_wconf 87' lang='lat' dir='ltr'>pueri,</span> <span class='ocrx_word' id='word_1_487' title='bbox 1638 4198 1751 4268; x_wconf 92' lang='lat' dir='ltr'>pauca</span> <span class='ocrx_word' id='word_1_488' title='bbox 1769 4176 1947 4268; x_wconf 90' lang='lat' dir='ltr'>quaedam</span> <span class='ocrx_word' id='word_1_489' title='bbox 1961 4176 2071 4245; x_wconf 90' lang='lat' dir='ltr'>verba</span> <span class='ocrx_word' id='word_1_490' title='bbox 2089 4176 2209 4246; x_wconf 85' lang='lat' dir='ltr'>efferri</span> <span class='ocrx_word' id='word_1_491' title='bbox 2223 4201 2289 4270; x_wconf 90' lang='lat' dir='ltr'>per</span> <span class='ocrx_word' id='word_1_492' title='bbox 2313 4204 2335 4248; x_wconf 91' lang='lat' dir='ltr'>o</span> <span class='ocrx_word' id='word_1_493' title='bbox 2364 4191 2402 4249; x_wconf 92' lang='lat' dir='ltr'>et</span> <span class='ocrx_word' id='word_1_494' title='bbox 2422 4205 2484 4266; x_wconf 88' lang='lat' dir='ltr'>or,</span> 
     </span>
     <span class='ocr_line' id='line_1_87' title="bbox 1490 4278 1935 4370; baseline -0.007 -20"><span class='ocrx_word' id='word_1_495' title='bbox 1490 4282 1615 4350; x_wconf 90' lang='lat' dir='ltr'>eadem</span> <span class='ocrx_word' id='word_1_496' title='bbox 1630 4278 1908 4370; x_wconf 87' lang='lat' dir='ltr'>significatione:</span> <span class='ocrx_word' id='word_1_497' title='bbox 1930 4322 1935 4331; x_wconf 87' lang='lat'><strong>·</strong></span> 
     </span>
    </p>
   </div>
   <div class='ocr_carea' id='block_1_20' title="bbox 1642 4396 1840 4901">
    <p class='ocr_par' dir='ltr' id='par_1_24' title="bbox 1642 4396 1816 4573">
     <span class='ocr_line' id='line_1_88' title="bbox 1642 4396 1816 4469; baseline -0.011 0"><span class='ocrx_word' id='word_1_498' title='bbox 1642 4396 1816 4469; x_wconf 80' lang='lat' dir='ltr'>Adsentio</span> 
     </span>
     <span class='ocr_line' id='line_1_89' title="bbox 1644 4500 1797 4573; baseline 0 -4"><span class='ocrx_word' id='word_1_499' title='bbox 1644 4500 1797 4573; x_wconf 82' lang='lat' dir='ltr'>Adsensi</span> 
     </span>
    </p>

    <p class='ocr_par' dir='ltr' id='par_1_25' title="bbox 1644 4601 1840 4901">
     <span class='ocr_line' id='line_1_90' title="bbox 1644 4601 1816 4697; baseline -0.012 -23"><span class='ocrx_word' id='word_1_500' title='bbox 1644 4601 1816 4697; x_wconf 89' lang='lat' dir='ltr'>Impertio</span> 
     </span>
     <span class='ocr_line' id='line_1_91' title="bbox 1645 4704 1832 4799; baseline -0.011 -24"><span class='ocrx_word' id='word_1_501' title='bbox 1645 4704 1832 4799; x_wconf 87' lang='lat' dir='ltr'>Impertivi</span> 
     </span>
     <span class='ocr_line' id='line_1_92' title="bbox 1646 4809 1840 4901; baseline -0.01 -22"><span class='ocrx_word' id='word_1_502' title='bbox 1646 4809 1840 4901; x_wconf 90' lang='lat' dir='ltr'>Comperio</span> 
     </span>
    </p>
   </div>
   <div class='ocr_carea' id='block_1_21' title="bbox 1490 4398 2484 5108">
    <p class='ocr_par' dir='ltr' id='par_1_26' title="bbox 1983 4398 2282 4899">
     <span class='ocr_line' id='line_1_93' title="bbox 1984 4398 2167 4469; baseline -0.005 -2"><span class='ocrx_word' id='word_1_503' title='bbox 1984 4398 2167 4469; x_wconf 89' lang='lat' dir='ltr'>adsentior</span> 
     </span>
     <span class='ocr_line' id='line_1_94' title="bbox 1985 4504 2247 4572; baseline 0 -2"><span class='ocrx_word' id='word_1_504' title='bbox 1985 4504 2154 4572; x_wconf 86' lang='lat' dir='ltr'>adsensus</span> <span class='ocrx_word' id='word_1_505' title='bbox 2168 4524 2247 4570; x_wconf 90' lang='lat' dir='ltr'>sum</span> 
     </span>
     <span class='ocr_line' id='line_1_95' title="bbox 1983 4604 2172 4695; baseline 0 -24"><span class='ocrx_word' id='word_1_506' title='bbox 1983 4604 2172 4695; x_wconf 88' lang='lat' dir='ltr'>impertior</span> 
     </span>
     <span class='ocr_line' id='line_1_96' title="bbox 1985 4706 2282 4798; baseline 0.013 -25"><span class='ocrx_word' id='word_1_507' title='bbox 1985 4706 2189 4798; x_wconf 86' lang='lat' dir='ltr'>impertitus</span> <span class='ocrx_word' id='word_1_508' title='bbox 2204 4730 2282 4777; x_wconf 90' lang='lat' dir='ltr'>sum</span> 
     </span>
     <span class='ocr_line' id='line_1_97' title="bbox 1986 4808 2191 4899; baseline -0.005 -21"><span class='ocrx_word' id='word_1_509' title='bbox 1986 4808 2191 4899; x_wconf 89' lang='lat' dir='ltr'>comperior</span> 
     </span>
    </p>

    <p class='ocr_par' dir='ltr' id='par_1_27' title="bbox 1490 4910 2484 5108">
     <span class='ocr_line' id='line_1_98' title="bbox 1644 4910 2484 5003; baseline -0.001 -21"><span class='ocrx_word' id='word_1_510' title='bbox 1644 4911 1814 5003; x_wconf 91' lang='lat' dir='ltr'>Comperi</span> <span class='ocrx_word' id='word_1_511' title='bbox 1984 4923 2188 5002; x_wconf 89' lang='lat' dir='ltr'>compertus</span> <span class='ocrx_word' id='word_1_512' title='bbox 2209 4936 2311 4994; x_wconf 92' lang='lat' dir='ltr'>sum,</span> <span class='ocrx_word' id='word_1_513' title='bbox 2361 4910 2484 4981; x_wconf 88' lang='lat' dir='ltr'>activa</span> 
     </span>
     <span class='ocr_line' id='line_1_99' title="bbox 1490 5012 2170 5108; baseline -0.007 -18"><span class='ocrx_word' id='word_1_514' title='bbox 1490 5015 1748 5108; x_wconf 83' lang='lat' dir='ltr'>significatione</span> <span class='ocrx_word' id='word_1_515' title='bbox 1763 5036 1839 5084; x_wconf 90' lang='lat' dir='ltr'>non</span> <span class='ocrx_word' id='word_1_516' title='bbox 1854 5012 2021 5083; x_wconf 83' lang='lat' dir='ltr'>dixerunt</span> <span class='ocrx_word' id='word_1_517' title='bbox 2036 5012 2170 5085; x_wconf 87' lang='lat' dir='ltr'>Latini.</span> 
     </span>
    </p>
   </div>
   <div class='ocr_carea' id='block_1_22' title="bbox 1490 5131 2486 5432">
    <p class='ocr_par' dir='ltr' id='par_1_28' title="bbox 1490 5131 2486 5432">
     <span class='ocr_line' id='line_1_100' title="bbox 1593 5131 2483 5226; baseline -0.003 -18"><span class='ocrx_word' id='word_1_518' title='bbox 1593 5132 1646 5208; x_wconf 92' lang='lat' dir='ltr'>lta</span> <span class='ocrx_word' id='word_1_519' title='bbox 1669 5134 1773 5226; x_wconf 88' lang='lat' dir='ltr'>iurgo</span> <span class='ocrx_word' id='word_1_520' title='bbox 1797 5146 1833 5203; x_wconf 90' lang='lat' dir='ltr'>et</span> <span class='ocrx_word' id='word_1_521' title='bbox 1853 5132 1997 5222; x_wconf 88' lang='lat' dir='ltr'>iurgor,</span> <span class='ocrx_word' id='word_1_522' title='bbox 2030 5135 2090 5203; x_wconf 89' lang='lat' dir='ltr'>sed</span> <span class='ocrx_word' id='word_1_523' title='bbox 2113 5132 2292 5223; x_wconf 86' lang='lat' dir='ltr'>posterius</span> <span class='ocrx_word' id='word_1_524' title='bbox 2314 5131 2483 5205; x_wconf 89' lang='lat' dir='ltr'>usitatius</span> 
     </span>
     <span class='ocr_line' id='line_1_101' title="bbox 1490 5234 2486 5328; baseline -0.001 -20"><span class='ocrx_word' id='word_1_525' title='bbox 1490 5249 1562 5321; x_wconf 92' lang='lat' dir='ltr'>est,</span> <span class='ocrx_word' id='word_1_526' title='bbox 1589 5251 1624 5307; x_wconf 91' lang='lat' dir='ltr'>et</span> <span class='ocrx_word' id='word_1_527' title='bbox 1640 5262 1791 5308; x_wconf 91' lang='lat' dir='ltr'>munero</span> <span class='ocrx_word' id='word_1_528' title='bbox 1809 5237 1905 5327; x_wconf 92' lang='lat' dir='ltr'>apud</span> <span class='ocrx_word' id='word_1_529' title='bbox 1923 5234 2169 5320; x_wconf 90' lang='lat' dir='ltr'>Macrobium,</span> <span class='ocrx_word' id='word_1_530' title='bbox 2194 5260 2369 5306; x_wconf 90' lang='lat' dir='ltr'>muneror</span> <span class='ocrx_word' id='word_1_531' title='bbox 2384 5239 2486 5328; x_wconf 90' lang='lat' dir='ltr'>apud</span> 
     </span>
     <span class='ocr_line' id='line_1_102' title="bbox 1490 5338 2485 5432; baseline 0 -22"><span class='ocrx_word' id='word_1_532' title='bbox 1490 5341 1724 5426; x_wconf 90' lang='lat' dir='ltr'>Terentium,</span> <span class='ocrx_word' id='word_1_533' title='bbox 1750 5354 1785 5410; x_wconf 89' lang='lat' dir='ltr'>et</span> <span class='ocrx_word' id='word_1_534' title='bbox 1798 5338 1956 5409; x_wconf 88' lang='lat' dir='ltr'>fabricor</span> <span class='ocrx_word' id='word_1_535' title='bbox 1973 5338 2123 5422; x_wconf 90' lang='lat' dir='ltr'>usitate,</span> <span class='ocrx_word' id='word_1_536' title='bbox 2158 5341 2254 5432; x_wconf 91' lang='lat' dir='ltr'>apud</span> <span class='ocrx_word' id='word_1_537' title='bbox 2273 5350 2399 5432; x_wconf 86' lang='lat' dir='ltr'>poetas</span> <span class='ocrx_word' id='word_1_538' title='bbox 2417 5340 2485 5410; x_wconf 89' lang='lat' dir='ltr'>ali-</span> 
     </span>
    </p>
   </div>
   <div class='ocr_carea' id='block_1_23' title="bbox 1491 5497 1696 5515">
    <p class='ocr_par' dir='ltr' id='par_1_29' title="bbox 1491 5497 1696 5515">
     <span class='ocr_line' id='line_1_103' title="bbox 1491 5497 1696 5515; baseline -0.015 0"><span class='ocrx_word' id='word_1_539' title='bbox 1491 5497 1696 5515; x_wconf 57' lang='grc' dir='ltr'><em>...υ-*-</em></span> 
     </span>
    </p>
   </div>
   <div class='ocr_carea' id='block_1_24' title="bbox 1524 5588 2487 5723">
    <p class='ocr_par' dir='ltr' id='par_1_30' title="bbox 1524 5588 2487 5723">
     <span class='ocr_line' id='line_1_104' title="bbox 1524 5588 2487 5659; baseline 0.003 -16"><span class='ocrx_word' id='word_1_540' title='bbox 1524 5588 1571 5655; x_wconf 73' lang='grc'>72)</span> <span class='ocrx_word' id='word_1_541' title='bbox 1589 5589 1863 5658; x_wconf 67' lang='lat' dir='ltr'>repatriamus]</span> <span class='ocrx_word' id='word_1_542' title='bbox 1883 5592 1966 5646; x_wconf 73' lang='lat' dir='ltr'>reto.</span> <span class='ocrx_word' id='word_1_543' title='bbox 1981 5592 2075 5654; x_wconf 67' lang='lat' dir='ltr'>lm,</span> <span class='ocrx_word' id='word_1_544' title='bbox 2099 5605 2124 5643; x_wconf 92' lang='lat' dir='ltr'>s.</span> <span class='ocrx_word' id='word_1_545' title='bbox 2137 5604 2179 5643; x_wconf 63' lang='lat' dir='ltr'>s:</span> <span class='ocrx_word' id='word_1_546' title='bbox 2205 5592 2297 5657; x_wconf 77' lang='lat' dir='ltr'>petris</span> <span class='ocrx_word' id='word_1_547' title='bbox 2314 5604 2433 5659; x_wconf 78' lang='lat' dir='ltr'>carere,</span> <span class='ocrx_word' id='word_1_548' title='bbox 2451 5604 2487 5646; x_wconf 81' lang='lat' dir='ltr'>so</span> 
     </span>
     <span class='ocr_line' id='line_1_105' title="bbox 1562 5658 2210 5723; baseline 0.012 -14"><span class='ocrx_word' id='word_1_549' title='bbox 1562 5670 1679 5722; x_wconf 86' lang='lat' dir='ltr'>prorsus</span> <span class='ocrx_word' id='word_1_550' title='bbox 1699 5658 1931 5723; x_wconf 78' lang='lat' dir='ltr'>stgnttusttuuena</span> <span class='ocrx_word' id='word_1_551' title='bbox 1947 5664 2103 5714; x_wconf 69' lang='lat' dir='ltr'>neuuslen</span> <span class='ocrx_word' id='word_1_552' title='bbox 2120 5662 2210 5717; x_wconf 75' lang='lat' dir='ltr'>hebet.</span> 
     </span>
    </p>
   </div>
   <div class='ocr_carea' id='block_1_25' title="bbox 1526 5760 2191 5849">
    <p class='ocr_par' dir='ltr' id='par_1_31' title="bbox 1526 5760 2191 5849">
     <span class='ocr_line' id='line_1_106' title="bbox 1526 5760 2191 5849; baseline 0.003 -34"><span class='ocrx_word' id='word_1_553' title='bbox 1526 5760 1575 5829; x_wconf 76' lang='grc' dir='ltr'>π)</span> <span class='ocrx_word' id='word_1_554' title='bbox 1594 5762 1775 5827; x_wconf 69' lang='lat' dir='ltr'>usserman]</span> <span class='ocrx_word' id='word_1_555' title='bbox 1792 5764 1844 5819; x_wconf 81' lang='lat' dir='ltr'>ltt.</span> <span class='ocrx_word' id='word_1_556' title='bbox 1863 5778 1890 5849; x_wconf 76' lang='lat' dir='ltr'>s.</span> <span class='ocrx_word' id='word_1_557' title='bbox 1902 5776 1930 5819; x_wconf 83' lang='lat' dir='ltr'>s.</span> <span class='ocrx_word' id='word_1_558' title='bbox 1946 5766 2034 5819; x_wconf 69' lang='lat' dir='ltr'>nus:</span> <span class='ocrx_word' id='word_1_559' title='bbox 2060 5766 2191 5831; x_wconf 77' lang='lat' dir='ltr'>Depntoc.</span> 
     </span>
    </p>
   </div>
   <div class='ocr_carea' id='block_1_26' title="bbox 0 0 2772 6692">
    <p class='ocr_par' dir='ltr' id='par_1_32' title="bbox 0 0 2772 6692">
     <span class='ocr_line' id='line_1_107' title="bbox 0 0 2772 6692; baseline 0 0"><span class='ocrx_word' id='word_1_560' title='bbox 0 0 2772 6692; x_wconf 95' lang='lat' dir='ltr'> </span> 
     </span>
    </p>
   </div>
  </div>
 </body>
</html>
