<?xml version="1.0" encoding="UTF-8"?>
<!DOCTYPE html PUBLIC "-//W3C//DTD XHTML 1.0 Transitional//EN"
    "http://www.w3.org/TR/xhtml1/DTD/xhtml1-transitional.dtd">
<html xmlns="http://www.w3.org/1999/xhtml" xml:lang="en" lang="en">
 <head>
  <title>
</title>
<meta http-equiv="Content-Type" content="text/html;charset=utf-8" />
  <meta name='ocr-system' content='tesseract 3.04.00' />
  <meta name='ocr-capabilities' content='ocr_page ocr_carea ocr_par ocr_line ocrx_word'/>
</head>
<body>
  <div class='ocr_page' id='page_1' title='image "./philippimelanth22melagoog/philippimelanth22melagoog_0406.png"; bbox 0 0 5534 6700; ppageno 0'>
   <div class='ocr_carea' id='block_1_1' title="bbox 374 664 2405 762">
    <p class='ocr_par' dir='ltr' id='par_1_1' title="bbox 374 664 2405 762">
     <span class='ocr_line' id='line_1_1' title="bbox 374 664 2405 762; baseline 0.002 -22"><span class='ocrx_word' id='word_1_1' title='bbox 374 664 450 741; x_wconf 76' lang='grc'>795</span> <span class='ocrx_word' id='word_1_2' title='bbox 998 666 1358 741; x_wconf 77' lang='grc' dir='ltr'><strong>ΑΒΒΙΤΑΜΕΝΤΑ</strong></span> <span class='ocrx_word' id='word_1_3' title='bbox 1381 667 1449 740; x_wconf 79' lang='grc' dir='ltr'>ΑΒ</span> <span class='ocrx_word' id='word_1_4' title='bbox 1475 667 1617 741; x_wconf 81' lang='lat' dir='ltr'>VOLL.</span> <span class='ocrx_word' id='word_1_5' title='bbox 1644 666 1769 741; x_wconf 76' lang='lat' dir='ltr'>l-X.</span> <span class='ocrx_word' id='word_1_6' title='bbox 1957 748 1962 762; x_wconf 48' lang='grc'><strong>,</strong></span> <span class='ocrx_word' id='word_1_7' title='bbox 2322 668 2405 744; x_wconf 69' lang='grc' dir='ltr'><em>Μ</em></span> 
     </span>
    </p>
   </div>
   <div class='ocr_carea' id='block_1_2' title="bbox 365 835 2406 2561">
    <p class='ocr_par' dir='ltr' id='par_1_2' title="bbox 365 835 2406 2254">
     <span class='ocr_line' id='line_1_2' title="bbox 368 835 2405 955; baseline 0 -47"><span class='ocrx_word' id='word_1_8' title='bbox 368 862 505 932; x_wconf 85' lang='lat' dir='ltr'>ponere</span> <span class='ocrx_word' id='word_1_9' title='bbox 525 835 682 908; x_wconf 87' lang='lat' dir='ltr'>Pontani</span> <span class='ocrx_word' id='word_1_10' title='bbox 712 848 865 905; x_wconf 92' lang='lat' dir='ltr'>statuam</span> <span class='ocrx_word' id='word_1_11' title='bbox 895 836 933 905; x_wconf 95' lang='lat' dir='ltr'>in</span> <span class='ocrx_word' id='word_1_12' title='bbox 955 838 1083 909; x_wconf 76' lang='lat' dir='ltr'>illustri</span> <span class='ocrx_word' id='word_1_13' title='bbox 1107 839 1278 930; x_wconf 89' lang='lat' dir='ltr'>praetorii</span> <span class='ocrx_word' id='word_1_14' title='bbox 1302 840 1358 910; x_wconf 90' lang='lat' dir='ltr'>sui</span> <span class='ocrx_word' id='word_1_15' title='bbox 1381 901 1387 955; x_wconf 62' lang='grc' dir='ltr'>Ι</span> <span class='ocrx_word' id='word_1_16' title='bbox 1409 841 1486 910; x_wconf 93' lang='lat' dir='ltr'>sine</span> <span class='ocrx_word' id='word_1_17' title='bbox 1511 839 1694 909; x_wconf 88' lang='lat' dir='ltr'>mentione</span> <span class='ocrx_word' id='word_1_18' title='bbox 1720 853 1899 908; x_wconf 84' lang='lat' dir='ltr'>certorum</span> <span class='ocrx_word' id='word_1_19' title='bbox 1915 838 2053 907; x_wconf 90' lang='lat' dir='ltr'>dierum</span> <span class='ocrx_word' id='word_1_20' title='bbox 2072 837 2405 919; x_wconf 85' lang='lat' dir='ltr'>diceret,..se.inte-</span> 
     </span>
     <span class='ocr_line' id='line_1_3' title="bbox 368 939 2406 1051; baseline 0.002 -42"><span class='ocrx_word' id='word_1_21' title='bbox 368 941 450 1010; x_wconf 90' lang='lat' dir='ltr'>loco</span> <span class='ocrx_word' id='word_1_22' title='bbox 470 941 595 1022; x_wconf 92' lang='lat' dir='ltr'>sitam,</span> <span class='ocrx_word' id='word_1_23' title='bbox 627 962 691 1006; x_wconf 91' lang='lat' dir='ltr'>ceu</span> <span class='ocrx_word' id='word_1_24' title='bbox 706 939 806 1029; x_wconf 89' lang='lat' dir='ltr'>regni</span> <span class='ocrx_word' id='word_1_25' title='bbox 823 939 877 1008; x_wconf 92' lang='lat' dir='ltr'>sui</span> <span class='ocrx_word' id='word_1_26' title='bbox 896 941 1129 1023; x_wconf 85' lang='lat' dir='ltr'>miraculum,</span> <span class='ocrx_word' id='word_1_27' title='bbox 1159 943 1358 1010; x_wconf 83' lang='lat' dir='ltr'>anteferen·</span> <span class='ocrx_word' id='word_1_28' title='bbox 1381 963 1386 1051; x_wconf 62' lang='lat' dir='ltr'>p</span> <span class='ocrx_word' id='word_1_29' title='bbox 1409 967 1511 1034; x_wconf 86' lang='lat' dir='ltr'>grum</span> <span class='ocrx_word' id='word_1_30' title='bbox 1538 967 1672 1010; x_wconf 90' lang='lat' dir='ltr'>annum</span> <span class='ocrx_word' id='word_1_31' title='bbox 1693 941 1786 1010; x_wconf 88' lang='lat' dir='ltr'>intra</span> <span class='ocrx_word' id='word_1_32' title='bbox 1805 966 1923 1010; x_wconf 90' lang='lat' dir='ltr'>arcam</span> <span class='ocrx_word' id='word_1_33' title='bbox 1940 941 2135 1022; x_wconf 78' lang='lat' dir='ltr'>inclusum,</span> <span class='ocrx_word' id='word_1_34' title='bbox 2163 943 2257 1007; x_wconf 78' lang='lat' dir='ltr'>etin·</span> <span class='ocrx_word' id='word_1_35' title='bbox 2270 943 2406 1025; x_wconf 84' lang='lat' dir='ltr'>mediis</span> 
     </span>
     <span class='ocr_line' id='line_1_4' title="bbox 369 1040 2406 1137; baseline 0 -25"><span class='ocrx_word' id='word_1_36' title='bbox 369 1045 455 1112; x_wconf 91' lang='lat' dir='ltr'>dum</span> <span class='ocrx_word' id='word_1_37' title='bbox 478 1041 603 1112; x_wconf 85' lang='lat' dir='ltr'>ceteris</span> <span class='ocrx_word' id='word_1_38' title='bbox 626 1041 804 1110; x_wconf 83' lang='lat' dir='ltr'>beneficiis</span> <span class='ocrx_word' id='word_1_39' title='bbox 828 1043 993 1111; x_wconf 75' lang='lat' dir='ltr'><strong>fortunae</strong></span> <span class='ocrx_word' id='word_1_40' title='bbox 1019 1045 1198 1127; x_wconf 80' lang='lat' dir='ltr'>onrnibns.</span> <span class='ocrx_word' id='word_1_41' title='bbox 1258 1040 1357 1114; x_wconf 87' lang='lat' dir='ltr'>Nihil</span> <span class='ocrx_word' id='word_1_42' title='bbox 1410 1044 1788 1137; x_wconf 76' lang='lat' dir='ltr'>aquarumductibus,</span> <span class='ocrx_word' id='word_1_43' title='bbox 1815 1055 1850 1112; x_wconf 93' lang='lat' dir='ltr'>et</span> <span class='ocrx_word' id='word_1_44' title='bbox 1871 1054 2060 1111; x_wconf 90' lang='lat' dir='ltr'>ventorum</span> <span class='ocrx_word' id='word_1_45' title='bbox 2085 1041 2250 1133; x_wconf 88' lang='lat' dir='ltr'>procellis</span> <span class='ocrx_word' id='word_1_46' title='bbox 2264 1042 2332 1112; x_wconf 90' lang='lat' dir='ltr'>diu</span> <span class='ocrx_word' id='word_1_47' title='bbox 2350 1047 2406 1113; x_wconf 87' lang='lat' dir='ltr'>ia&#39;-</span> 
     </span>
     <span class='ocr_line' id='line_1_5' title="bbox 369 1144 2405 1237; baseline 0.001 -23"><span class='ocrx_word' id='word_1_48' title='bbox 369 1167 486 1237; x_wconf 88' lang='lat' dir='ltr'>neqne</span> <span class='ocrx_word' id='word_1_49' title='bbox 508 1166 568 1211; x_wconf 83' lang='lat' dir='ltr'>rex</span> <span class='ocrx_word' id='word_1_50' title='bbox 594 1145 709 1211; x_wconf 89' lang='lat' dir='ltr'>facere</span> <span class='ocrx_word' id='word_1_51' title='bbox 733 1144 871 1234; x_wconf 88' lang='lat' dir='ltr'>potnit,</span> <span class='ocrx_word' id='word_1_52' title='bbox 904 1168 977 1237; x_wconf 93' lang='lat' dir='ltr'>quo</span> <span class='ocrx_word' id='word_1_53' title='bbox 1002 1149 1114 1236; x_wconf 87' lang='lat' dir='ltr'>magis</span> <span class='ocrx_word' id='word_1_54' title='bbox 1130 1146 1357 1236; x_wconf 81' lang='lat' dir='ltr'>significaret,</span> <span class='ocrx_word' id='word_1_55' title='bbox 1409 1159 1563 1229; x_wconf 88' lang='lat' dir='ltr'>etatum,</span> <span class='ocrx_word' id='word_1_56' title='bbox 1597 1147 1655 1214; x_wconf 79' lang='lat' dir='ltr'>vix</span> <span class='ocrx_word' id='word_1_57' title='bbox 1686 1148 1828 1213; x_wconf 91' lang='lat' dir='ltr'>tandem</span> <span class='ocrx_word' id='word_1_58' title='bbox 1858 1145 2060 1214; x_wconf 73' lang='lat' dir='ltr'>subsidente</span> <span class='ocrx_word' id='word_1_59' title='bbox 2090 1144 2128 1211; x_wconf 92' lang='lat' dir='ltr'>in</span> <span class='ocrx_word' id='word_1_60' title='bbox 2153 1144 2340 1216; x_wconf 88' lang='lat' dir='ltr'>montibus</span> <span class='ocrx_word' id='word_1_61' title='bbox 2365 1159 2405 1216; x_wconf 85' lang='lat' dir='ltr'>et</span> 
     </span>
     <span class='ocr_line' id='line_1_6' title="bbox 368 1244 2405 1342; baseline 0.002 -30"><span class='ocrx_word' id='word_1_62' title='bbox 368 1258 542 1339; x_wconf 90' lang='lat' dir='ltr'>qnantum</span> <span class='ocrx_word' id='word_1_63' title='bbox 568 1245 690 1313; x_wconf 91' lang='lat' dir='ltr'>virtuti</span> <span class='ocrx_word' id='word_1_64' title='bbox 704 1246 858 1329; x_wconf 89' lang='lat' dir='ltr'>faveret,</span> <span class='ocrx_word' id='word_1_65' title='bbox 890 1270 1007 1340; x_wconf 91' lang='lat' dir='ltr'>neque</span> <span class='ocrx_word' id='word_1_66' title='bbox 1023 1247 1191 1317; x_wconf 89' lang='lat' dir='ltr'>Pontano</span> <span class='ocrx_word' id='word_1_67' title='bbox 1208 1244 1356 1316; x_wconf 92' lang='lat' dir='ltr'>honori·</span> <span class='ocrx_word' id='word_1_68' title='bbox 1408 1249 1609 1342; x_wconf 82' lang='lat' dir='ltr'>quiescente</span> <span class='ocrx_word' id='word_1_69' title='bbox 1640 1268 1742 1328; x_wconf 89' lang='lat' dir='ltr'>arca,</span> <span class='ocrx_word' id='word_1_70' title='bbox 1784 1247 1881 1316; x_wconf 85' lang='lat' dir='ltr'>iussu</span> <span class='ocrx_word' id='word_1_71' title='bbox 1907 1246 1972 1314; x_wconf 89' lang='lat' dir='ltr'>Dei</span> <span class='ocrx_word' id='word_1_72' title='bbox 2003 1271 2046 1314; x_wconf 79' lang='lat' dir='ltr'>ex</span> <span class='ocrx_word' id='word_1_73' title='bbox 2072 1245 2135 1313; x_wconf 90' lang='lat' dir='ltr'>illo</span> <span class='ocrx_word' id='word_1_74' title='bbox 2161 1247 2337 1316; x_wconf 90' lang='lat' dir='ltr'>diuturno</span> <span class='ocrx_word' id='word_1_75' title='bbox 2365 1263 2405 1318; x_wconf 90' lang='lat' dir='ltr'>et</span> 
     </span>
     <span class='ocr_line' id='line_1_7' title="bbox 366 1347 2403 1439; baseline 0 -22"><span class='ocrx_word' id='word_1_76' title='bbox 366 1347 528 1417; x_wconf 87' lang='lat' dir='ltr'>licentius</span> <span class='ocrx_word' id='word_1_77' title='bbox 548 1347 772 1437; x_wconf 87' lang='lat' dir='ltr'>contingere,</span> <span class='ocrx_word' id='word_1_78' title='bbox 806 1347 1060 1438; x_wconf 77' lang='lat' dir='ltr'>sapientissimi</span> <span class='ocrx_word' id='word_1_79' title='bbox 1083 1350 1176 1439; x_wconf 87' lang='lat' dir='ltr'>regis</span> <span class='ocrx_word' id='word_1_80' title='bbox 1193 1364 1268 1419; x_wconf 92' lang='lat' dir='ltr'>tum</span> <span class='ocrx_word' id='word_1_81' title='bbox 1283 1362 1356 1419; x_wconf 91' lang='lat' dir='ltr'>stu·</span> <span class='ocrx_word' id='word_1_82' title='bbox 1407 1351 1499 1420; x_wconf 91' lang='lat' dir='ltr'>tristi</span> <span class='ocrx_word' id='word_1_83' title='bbox 1531 1374 1670 1420; x_wconf 89' lang='lat' dir='ltr'>carcere</span> <span class='ocrx_word' id='word_1_84' title='bbox 1702 1372 1879 1438; x_wconf 82' lang='lat' dir='ltr'>egressum</span> <span class='ocrx_word' id='word_1_85' title='bbox 1903 1347 2022 1418; x_wconf 85' lang='lat' dir='ltr'>luisse.</span> <span class='ocrx_word' id='word_1_86' title='bbox 2077 1347 2152 1417; x_wconf 76' lang='lat' dir='ltr'>sed</span> <span class='ocrx_word' id='word_1_87' title='bbox 2177 1349 2403 1421; x_wconf 87' lang='lat' dir='ltr'>accuratissi-</span> 
     </span>
     <span class='ocr_line' id='line_1_8' title="bbox 366 1448 2398 1540; baseline 0.001 -21"><span class='ocrx_word' id='word_1_88' title='bbox 366 1448 449 1533; x_wconf 92' lang='lat' dir='ltr'>dio,</span> <span class='ocrx_word' id='word_1_89' title='bbox 474 1460 551 1518; x_wconf 89' lang='lat' dir='ltr'>tum</span> <span class='ocrx_word' id='word_1_90' title='bbox 568 1450 786 1519; x_wconf 89' lang='lat' dir='ltr'>testimonio.</span> <span class='ocrx_word' id='word_1_91' title='bbox 826 1449 949 1540; x_wconf 80' lang='lat' dir='ltr'>Quare</span> <span class='ocrx_word' id='word_1_92' title='bbox 965 1455 1187 1521; x_wconf 80' lang='lat' dir='ltr'>committere</span> <span class='ocrx_word' id='word_1_93' title='bbox 1204 1475 1279 1520; x_wconf 93' lang='lat' dir='ltr'>non</span> <span class='ocrx_word' id='word_1_94' title='bbox 1296 1453 1356 1520; x_wconf 87' lang='lat' dir='ltr'>de·</span> <span class='ocrx_word' id='word_1_95' title='bbox 1408 1477 1503 1520; x_wconf 87' lang='lat' dir='ltr'>mam</span> <span class='ocrx_word' id='word_1_96' title='bbox 1527 1453 1626 1521; x_wconf 80' lang='lat' dir='ltr'>addit</span> <span class='ocrx_word' id='word_1_97' title='bbox 1651 1450 1828 1520; x_wconf 89' lang='lat' dir='ltr'>mensium</span> <span class='ocrx_word' id='word_1_98' title='bbox 1852 1463 1887 1519; x_wconf 90' lang='lat' dir='ltr'>et</span> <span class='ocrx_word' id='word_1_99' title='bbox 1910 1450 2049 1518; x_wconf 88' lang='lat' dir='ltr'>dierum</span> <span class='ocrx_word' id='word_1_100' title='bbox 2075 1450 2398 1539; x_wconf 75' lang='lat' dir='ltr'>enumerationem,</span> 
     </span>
     <span class='ocr_line' id='line_1_9' title="bbox 366 1552 2396 1646; baseline 0.001 -25"><span class='ocrx_word' id='word_1_101' title='bbox 366 1553 511 1632; x_wconf 56' lang='lat' dir='ltr'>murus,</span> <span class='ocrx_word' id='word_1_102' title='bbox 551 1564 591 1619; x_wconf 91' lang='lat' dir='ltr'>nt</span> <span class='ocrx_word' id='word_1_103' title='bbox 619 1574 746 1642; x_wconf 91' lang='lat' dir='ltr'>parum</span> <span class='ocrx_word' id='word_1_104' title='bbox 775 1553 940 1642; x_wconf 82' lang='lat' dir='ltr'>religiose</span> <span class='ocrx_word' id='word_1_105' title='bbox 970 1553 1157 1624; x_wconf 89' lang='lat' dir='ltr'>videamur</span> <span class='ocrx_word' id='word_1_106' title='bbox 1187 1555 1262 1624; x_wconf 87' lang='lat' dir='ltr'>eius</span> <span class='ocrx_word' id='word_1_107' title='bbox 1288 1553 1355 1620; x_wconf 89' lang='lat' dir='ltr'>viri</span> <span class='ocrx_word' id='word_1_108' title='bbox 1408 1579 1611 1634; x_wconf 88' lang='lat' dir='ltr'>recensens,</span> <span class='ocrx_word' id='word_1_109' title='bbox 1645 1553 1800 1646; x_wconf 91' lang='lat' dir='ltr'>quodie</span> <span class='ocrx_word' id='word_1_110' title='bbox 1827 1553 1957 1620; x_wconf 90' lang='lat' dir='ltr'>mensis</span> <span class='ocrx_word' id='word_1_111' title='bbox 1984 1553 2176 1621; x_wconf 87' lang='lat' dir='ltr'>sitaroam</span> <span class='ocrx_word' id='word_1_112' title='bbox 2205 1552 2396 1642; x_wconf 84' lang='lat' dir='ltr'>ingressus,</span> 
     </span>
     <span class='ocr_line' id='line_1_10' title="bbox 366 1652 2397 1750; baseline 0 -28"><span class='ocrx_word' id='word_1_113' title='bbox 366 1665 600 1722; x_wconf 90' lang='lat' dir='ltr'>monumenta</span> <span class='ocrx_word' id='word_1_114' title='bbox 618 1653 779 1736; x_wconf 87' lang='lat' dir='ltr'>coluisse,</span> <span class='ocrx_word' id='word_1_115' title='bbox 806 1679 878 1747; x_wconf 90' lang='lat' dir='ltr'>qno</span> <span class='ocrx_word' id='word_1_116' title='bbox 895 1652 986 1722; x_wconf 90' lang='lat' dir='ltr'>nihil</span> <span class='ocrx_word' id='word_1_117' title='bbox 1003 1657 1039 1724; x_wconf 95' lang='lat' dir='ltr'>in</span> <span class='ocrx_word' id='word_1_118' title='bbox 1056 1657 1223 1725; x_wconf 90' lang='lat' dir='ltr'>universo</span> <span class='ocrx_word' id='word_1_119' title='bbox 1243 1676 1355 1746; x_wconf 77' lang='lat' dir='ltr'>regno</span> <span class='ocrx_word' id='word_1_120' title='bbox 1408 1682 1479 1750; x_wconf 94' lang='lat' dir='ltr'>quo</span> <span class='ocrx_word' id='word_1_121' title='bbox 1511 1656 1568 1725; x_wconf 93' lang='lat' dir='ltr'>die</span> <span class='ocrx_word' id='word_1_122' title='bbox 1599 1655 1730 1723; x_wconf 89' lang='lat' dir='ltr'>imbres</span> <span class='ocrx_word' id='word_1_123' title='bbox 1762 1677 1865 1722; x_wconf 90' lang='lat' dir='ltr'>ruere</span> <span class='ocrx_word' id='word_1_124' title='bbox 1893 1653 2095 1743; x_wconf 88' lang='lat' dir='ltr'>coeperint,</span> <span class='ocrx_word' id='word_1_125' title='bbox 2137 1655 2290 1746; x_wconf 89' lang='lat' dir='ltr'>quodie</span> <span class='ocrx_word' id='word_1_126' title='bbox 2314 1680 2397 1724; x_wconf 89' lang='lat' dir='ltr'>arca</span> 
     </span>
     <span class='ocr_line' id='line_1_11' title="bbox 365 1753 2399 1852; baseline 0 -29"><span class='ocrx_word' id='word_1_127' title='bbox 365 1756 594 1846; x_wconf 78' lang='lat' dir='ltr'>Araganum,</span> <span class='ocrx_word' id='word_1_128' title='bbox 622 1758 719 1848; x_wconf 92' lang='lat' dir='ltr'>qnod</span> <span class='ocrx_word' id='word_1_129' title='bbox 740 1755 810 1826; x_wconf 92' lang='lat' dir='ltr'>illis</span> <span class='ocrx_word' id='word_1_130' title='bbox 827 1757 1049 1848; x_wconf 86' lang='lat' dir='ltr'>temporibus</span> <span class='ocrx_word' id='word_1_131' title='bbox 1063 1759 1353 1828; x_wconf 89' lang='lat' dir='ltr'>florentissimum</span> <span class='ocrx_word' id='word_1_132' title='bbox 1407 1760 1543 1829; x_wconf 89' lang='lat' dir='ltr'>sublata</span> <span class='ocrx_word' id='word_1_133' title='bbox 1568 1757 1905 1845; x_wconf 87' lang='lat' dir='ltr'>undarumimpctu</span> <span class='ocrx_word' id='word_1_134' title='bbox 1923 1755 2079 1846; x_wconf 90' lang='lat' dir='ltr'>primum</span> <span class='ocrx_word' id='word_1_135' title='bbox 2097 1753 2298 1843; x_wconf 84' lang='lat' dir='ltr'>fluctuarit,</span> <span class='ocrx_word' id='word_1_136' title='bbox 2325 1783 2399 1852; x_wconf 92' lang='lat' dir='ltr'>quo</span> 
     </span>
     <span class='ocr_line' id='line_1_12' title="bbox 367 1857 2401 1950; baseline 0 -24"><span class='ocrx_word' id='word_1_137' title='bbox 367 1870 445 1926; x_wconf 87' lang='lat' dir='ltr'>erat</span> <span class='ocrx_word' id='word_1_138' title='bbox 459 1857 641 1938; x_wconf 87' lang='lat' dir='ltr'>omnium,</span> <span class='ocrx_word' id='word_1_139' title='bbox 666 1882 728 1926; x_wconf 84' lang='lat' dir='ltr'>rex</span> <span class='ocrx_word' id='word_1_140' title='bbox 744 1857 818 1948; x_wconf 89' lang='lat' dir='ltr'>ipse</span> <span class='ocrx_word' id='word_1_141' title='bbox 832 1884 971 1929; x_wconf 73' lang='lat' dir='ltr'>sunama</span> <span class='ocrx_word' id='word_1_142' title='bbox 989 1861 1182 1950; x_wconf 88' lang='lat' dir='ltr'>sapientia,</span> <span class='ocrx_word' id='word_1_143' title='bbox 1209 1861 1356 1929; x_wconf 90' lang='lat' dir='ltr'>virtute-</span> <span class='ocrx_word' id='word_1_144' title='bbox 1407 1860 1465 1929; x_wconf 90' lang='lat' dir='ltr'>die</span> <span class='ocrx_word' id='word_1_145' title='bbox 1480 1860 1553 1929; x_wconf 84' lang='lat' dir='ltr'>sint</span> <span class='ocrx_word' id='word_1_146' title='bbox 1569 1859 1767 1926; x_wconf 87' lang='lat' dir='ltr'>diminutae</span> <span class='ocrx_word' id='word_1_147' title='bbox 1781 1881 1917 1949; x_wconf 90' lang='lat' dir='ltr'>aquae,</span> <span class='ocrx_word' id='word_1_148' title='bbox 1949 1881 2022 1948; x_wconf 94' lang='lat' dir='ltr'>qno</span> <span class='ocrx_word' id='word_1_149' title='bbox 2045 1857 2103 1925; x_wconf 92' lang='lat' dir='ltr'>die</span> <span class='ocrx_word' id='word_1_150' title='bbox 2128 1881 2207 1924; x_wconf 91' lang='lat' dir='ltr'>arca</span> <span class='ocrx_word' id='word_1_151' title='bbox 2232 1860 2401 1928; x_wconf 86' lang='lat' dir='ltr'>substite-</span> 
     </span>
     <span class='ocr_line' id='line_1_13' title="bbox 367 1958 2401 2055; baseline 0.001 -27"><span class='ocrx_word' id='word_1_152' title='bbox 367 1982 437 2051; x_wconf 88' lang='lat' dir='ltr'>qne</span> <span class='ocrx_word' id='word_1_153' title='bbox 456 1958 657 2049; x_wconf 90' lang='lat' dir='ltr'>praeditus,</span> <span class='ocrx_word' id='word_1_154' title='bbox 696 1960 824 2030; x_wconf 92' lang='lat' dir='ltr'>melius</span> <span class='ocrx_word' id='word_1_155' title='bbox 849 1974 911 2032; x_wconf 93' lang='lat' dir='ltr'>aut</span> <span class='ocrx_word' id='word_1_156' title='bbox 933 1963 1186 2047; x_wconf 44' lang='lat' dir='ltr'>admirabilius,</span> <span class='ocrx_word' id='word_1_157' title='bbox 1201 1962 1355 2032; x_wconf 81' lang='lat' dir='ltr'>extitisse</span> <span class='ocrx_word' id='word_1_158' title='bbox 1407 1963 1475 2044; x_wconf 88' lang='lat' dir='ltr'>rit,</span> <span class='ocrx_word' id='word_1_159' title='bbox 1502 1985 1573 2055; x_wconf 92' lang='lat' dir='ltr'>quo</span> <span class='ocrx_word' id='word_1_160' title='bbox 1596 1961 1743 2048; x_wconf 89' lang='lat' dir='ltr'>dieipse</span> <span class='ocrx_word' id='word_1_161' title='bbox 1759 1960 1907 2028; x_wconf 88' lang='lat' dir='ltr'>eductus</span> <span class='ocrx_word' id='word_1_162' title='bbox 1925 1982 1967 2026; x_wconf 83' lang='lat' dir='ltr'>ex</span> <span class='ocrx_word' id='word_1_163' title='bbox 1984 1958 2053 2027; x_wconf 92' lang='lat' dir='ltr'>illis</span> <span class='ocrx_word' id='word_1_164' title='bbox 2069 1958 2231 2029; x_wconf 77' lang='lat' dir='ltr'>claustris</span> <span class='ocrx_word' id='word_1_165' title='bbox 2246 1959 2326 2029; x_wconf 90' lang='lat' dir='ltr'>Deo</span> <span class='ocrx_word' id='word_1_166' title='bbox 2343 1987 2401 2032; x_wconf 92' lang='lat' dir='ltr'>sa-</span> 
     </span>
     <span class='ocr_line' id='line_1_14' title="bbox 366 2053 2398 2156; baseline 0.001 -26"><span class='ocrx_word' id='word_1_167' title='bbox 366 2060 549 2141; x_wconf 83' lang='lat' dir='ltr'>iudicavit.</span> <span class='ocrx_word' id='word_1_168' title='bbox 599 2059 688 2128; x_wconf 86' lang='lat' dir='ltr'>Vale</span> <span class='ocrx_word' id='word_1_169' title='bbox 703 2059 981 2153; x_wconf 88' lang='lat' dir='ltr'>Vittemhergae.</span> <span class='ocrx_word' id='word_1_170' title='bbox 1407 2062 1574 2132; x_wconf 85' lang='lat' dir='ltr'>crificarit</span> <span class='ocrx_word' id='word_1_171' title='bbox 1596 2053 1777 2156; x_wconf 76' lang='grc' dir='ltr'><strong><em>σωτήρια,</em></strong></span> <span class='ocrx_word' id='word_1_172' title='bbox 1810 2072 1845 2128; x_wconf 88' lang='lat' dir='ltr'>et</span> <span class='ocrx_word' id='word_1_173' title='bbox 1873 2059 2013 2150; x_wconf 84' lang='lat' dir='ltr'>signum</span> <span class='ocrx_word' id='word_1_174' title='bbox 2046 2060 2222 2151; x_wconf 88' lang='lat' dir='ltr'>acceperit</span> <span class='ocrx_word' id='word_1_175' title='bbox 2250 2063 2398 2132; x_wconf 85' lang='lat' dir='ltr'>divinae</span> 
     </span>
     <span class='ocr_line' id='line_1_15' title="bbox 1407 2162 2240 2254; baseline -0.002 -20"><span class='ocrx_word' id='word_1_176' title='bbox 1407 2163 1671 2237; x_wconf 87' lang='lat' dir='ltr'>misericordiae</span> <span class='ocrx_word' id='word_1_177' title='bbox 1687 2174 1719 2231; x_wconf 90' lang='lat' dir='ltr'>et</span> <span class='ocrx_word' id='word_1_178' title='bbox 1739 2163 1874 2254; x_wconf 86' lang='lat' dir='ltr'>gratiae</span> <span class='ocrx_word' id='word_1_179' title='bbox 1887 2163 2021 2232; x_wconf 83' lang='lat' dir='ltr'>Arcum</span> <span class='ocrx_word' id='word_1_180' title='bbox 2040 2162 2240 2233; x_wconf 86' lang='lat' dir='ltr'>coelestem.</span> 
     </span>
    </p>

    <p class='ocr_par' dir='ltr' id='par_1_3' title="bbox 399 2263 2399 2354">
     <span class='ocr_line' id='line_1_16' title="bbox 399 2263 2399 2354; baseline 0.002 -22"><span class='ocrx_word' id='word_1_181' title='bbox 399 2273 455 2332; x_wconf 82' lang='lat' dir='ltr'>No.</span> <span class='ocrx_word' id='word_1_182' title='bbox 477 2269 510 2331; x_wconf 71' lang='lat'>2</span> <span class='ocrx_word' id='word_1_183' title='bbox 1150 2286 1226 2326; x_wconf 86' lang='lat' dir='ltr'>anno</span> <span class='ocrx_word' id='word_1_184' title='bbox 1250 2263 1344 2327; x_wconf 73' lang='lat'><strong>1560.</strong></span> <span class='ocrx_word' id='word_1_185' title='bbox 1510 2267 1611 2333; x_wconf 88' lang='lat' dir='ltr'>Hanc</span> <span class='ocrx_word' id='word_1_186' title='bbox 1641 2279 1713 2333; x_wconf 90' lang='lat' dir='ltr'>tam</span> <span class='ocrx_word' id='word_1_187' title='bbox 1743 2265 1988 2354; x_wconf 81' lang='lat' dir='ltr'>scrupulosam</span> <span class='ocrx_word' id='word_1_188' title='bbox 2022 2266 2162 2334; x_wconf 90' lang='lat' dir='ltr'>dierum</span> <span class='ocrx_word' id='word_1_189' title='bbox 2191 2268 2399 2335; x_wconf 87' lang='lat' dir='ltr'>annotatio-</span> 
     </span>
    </p>

    <p class='ocr_par' dir='ltr' id='par_1_4' title="bbox 374 2349 2399 2561">
     <span class='ocr_line' id='line_1_17' title="bbox 374 2349 2398 2460; baseline 0.001 -26"><span class='ocrx_word' id='word_1_190' title='bbox 374 2351 544 2383; x_wconf 48' lang='grc' dir='ltr'><strong>Μ</strong></span> <span class='ocrx_word' id='word_1_191' title='bbox 651 2442 659 2458; x_wconf 44' lang='grc'><em>,</em></span> <span class='ocrx_word' id='word_1_192' title='bbox 717 2442 725 2458; x_wconf 49' lang='lat'><strong>·</strong></span> <span class='ocrx_word' id='word_1_193' title='bbox 908 2441 917 2457; x_wconf 90' lang='lat'><strong>.</strong></span> <span class='ocrx_word' id='word_1_194' title='bbox 1143 2349 1348 2383; x_wconf 52' lang='grc' dir='ltr'><strong>Μ</strong></span> <span class='ocrx_word' id='word_1_195' title='bbox 1406 2392 1488 2435; x_wconf 91' lang='lat' dir='ltr'>nem</span> <span class='ocrx_word' id='word_1_196' title='bbox 1524 2392 1586 2435; x_wconf 91' lang='lat' dir='ltr'>cur</span> <span class='ocrx_word' id='word_1_197' title='bbox 1619 2367 1859 2436; x_wconf 82' lang='lat' dir='ltr'>existimemus</span> <span class='ocrx_word' id='word_1_198' title='bbox 1892 2390 1910 2432; x_wconf 90' lang='lat' dir='ltr'>a</span> <span class='ocrx_word' id='word_1_199' title='bbox 1947 2363 2151 2457; x_wconf 85' lang='lat' dir='ltr'>patriarcha</span> <span class='ocrx_word' id='word_1_200' title='bbox 2186 2381 2398 2460; x_wconf 84' lang='lat' dir='ltr'>usurpatam</span> 
     </span>
     <span class='ocr_line' id='line_1_18' title="bbox 455 2439 2399 2561; baseline 0.004 -33"><span class='ocrx_word' id='word_1_201' title='bbox 455 2439 686 2529; x_wconf 63' lang='lat' dir='ltr'>pf‘l‘s‘lll‘l</span> <span class='ocrx_word' id='word_1_202' title='bbox 711 2463 758 2508; x_wconf 61' lang='grc' dir='ltr'>Μ</span> <span class='ocrx_word' id='word_1_203' title='bbox 784 2440 916 2507; x_wconf 60' lang='lat' dir='ltr'>mm</span> <span class='ocrx_word' id='word_1_204' title='bbox 945 2440 1267 2509; x_wconf 60' lang='lat' dir='ltr'>⁰⁰¹‘”d⁰&#39;&#39;⁸“”⁸·</span> <span class='ocrx_word' id='word_1_205' title='bbox 1406 2470 1533 2552; x_wconf 85' lang='lat' dir='ltr'>fuisse,</span> <span class='ocrx_word' id='word_1_206' title='bbox 1569 2468 1752 2561; x_wconf 91' lang='lat' dir='ltr'>nisiquod</span> <span class='ocrx_word' id='word_1_207' title='bbox 1775 2466 1929 2536; x_wconf 91' lang='lat' dir='ltr'>voluerit</span> <span class='ocrx_word' id='word_1_208' title='bbox 1951 2469 2108 2559; x_wconf 90' lang='lat' dir='ltr'>primum</span> <span class='ocrx_word' id='word_1_209' title='bbox 2134 2460 2220 2538; x_wconf 78' lang='lat' dir='ltr'>illud</span> <span class='ocrx_word' id='word_1_210' title='bbox 2244 2464 2399 2538; x_wconf 88' lang='lat' dir='ltr'>horren-</span> 
     </span>
    </p>
   </div>
   <div class='ocr_carea' id='block_1_3' title="bbox 437 2569 2400 2662">
    <p class='ocr_par' dir='ltr' id='par_1_5' title="bbox 437 2569 2400 2662">
     <span class='ocr_line' id='line_1_19' title="bbox 437 2569 2400 2662; baseline 0.001 -24"><span class='ocrx_word' id='word_1_211' title='bbox 437 2572 576 2624; x_wconf 69' lang='lat' dir='ltr'>amno·</span> <span class='ocrx_word' id='word_1_212' title='bbox 604 2571 634 2621; x_wconf 78' lang='lat'>¹¹¹</span> <span class='ocrx_word' id='word_1_213' title='bbox 663 2569 769 2621; x_wconf 64' lang='grc' dir='ltr'>ΜΗ</span> <span class='ocrx_word' id='word_1_214' title='bbox 797 2569 905 2620; x_wconf 66' lang='lat' dir='ltr'>Um!</span> <span class='ocrx_word' id='word_1_215' title='bbox 934 2571 1142 2623; x_wconf 60' lang='lat' dir='ltr'>0⁰1⁰·le</span> <span class='ocrx_word' id='word_1_216' title='bbox 1172 2571 1355 2636; x_wconf 62' lang='lat' dir='ltr'>amman,</span> <span class='ocrx_word' id='word_1_217' title='bbox 1406 2573 1491 2640; x_wconf 92' lang='lat' dir='ltr'>dnm</span> <span class='ocrx_word' id='word_1_218' title='bbox 1516 2571 1715 2661; x_wconf 84' lang='lat' dir='ltr'>exemplum</span> <span class='ocrx_word' id='word_1_219' title='bbox 1736 2571 1809 2638; x_wconf 93' lang='lat' dir='ltr'>irae</span> <span class='ocrx_word' id='word_1_220' title='bbox 1828 2570 1972 2637; x_wconf 88' lang='lat' dir='ltr'>divinae</span> <span class='ocrx_word' id='word_1_221' title='bbox 1990 2573 2400 2662; x_wconf 88' lang='lat' dir='ltr'>adversnscontempto·</span> 
     </span>
    </p>
   </div>
   <div class='ocr_carea' id='block_1_4' title="bbox 470 2639 2396 2773">
    <p class='ocr_par' dir='ltr' id='par_1_6' title="bbox 470 2639 2396 2773">
     <span class='ocr_line' id='line_1_20' title="bbox 471 2639 2332 2702; baseline -0.002 -11"><span class='ocrx_word' id='word_1_222' title='bbox 471 2642 549 2692; x_wconf 85' lang='lat' dir='ltr'>cnlnr</span> <span class='ocrx_word' id='word_1_223' title='bbox 562 2639 876 2702; x_wconf 80' lang='lat' dir='ltr'>ltdltlonsnrprtnclpsn</span> <span class='ocrx_word' id='word_1_224' title='bbox 890 2640 956 2689; x_wconf 84' lang='lat' dir='ltr'>sunl</span> <span class='ocrx_word' id='word_1_225' title='bbox 970 2641 1047 2693; x_wconf 74' lang='lat' dir='ltr'>tow.</span> <span class='ocrx_word' id='word_1_226' title='bbox 1063 2641 1223 2689; x_wconf 80' lang='lat' dir='ltr'>etaltcrsns</span> <span class='ocrx_word' id='word_1_227' title='bbox 1240 2651 1265 2688; x_wconf 63' lang='lat' dir='ltr'>s„</span> <span class='ocrx_word' id='word_1_228' title='bbox 1280 2640 1354 2693; x_wconf 75' lang='lat' dir='ltr'>ttot.</span> <span class='ocrx_word' id='word_1_229' title='bbox 1567 2674 1575 2688; x_wconf 90' lang='lat'><strong>.</strong></span> <span class='ocrx_word' id='word_1_230' title='bbox 2186 2674 2195 2690; x_wconf 85' lang='lat'><strong>.</strong></span> <span class='ocrx_word' id='word_1_231' title='bbox 2323 2673 2332 2688; x_wconf 93' lang='lat'><strong>.</strong></span> 
     </span>
     <span class='ocr_line' id='line_1_21' title="bbox 470 2674 2396 2773; baseline -0.011 -13"><span class='ocrx_word' id='word_1_232' title='bbox 470 2711 526 2760; x_wconf 77' lang='grc' dir='ltr'>ιιι</span> <span class='ocrx_word' id='word_1_233' title='bbox 542 2719 627 2773; x_wconf 77' lang='lat' dir='ltr'>supra</span> <span class='ocrx_word' id='word_1_234' title='bbox 643 2721 669 2770; x_wconf 73' lang='grc' dir='ltr'>ρ.</span> <span class='ocrx_word' id='word_1_235' title='bbox 683 2707 838 2758; x_wconf 73' lang='lat' dir='ltr'>sor-oro.</span> <span class='ocrx_word' id='word_1_236' title='bbox 858 2706 1005 2767; x_wconf 66' lang='lat' dir='ltr'>mansu,</span> <span class='ocrx_word' id='word_1_237' title='bbox 1028 2711 1100 2758; x_wconf 75' lang='lat' dir='ltr'>teste</span> <span class='ocrx_word' id='word_1_238' title='bbox 1117 2708 1205 2770; x_wconf 78' lang='lat' dir='ltr'>rryua</span> <span class='ocrx_word' id='word_1_239' title='bbox 1222 2707 1252 2756; x_wconf 81' lang='lat' dir='ltr'>ru</span> <span class='ocrx_word' id='word_1_240' title='bbox 1264 2707 1354 2758; x_wconf 75' lang='lat' dir='ltr'>cara-</span> <span class='ocrx_word' id='word_1_241' title='bbox 1407 2696 1462 2742; x_wconf 87' lang='lat' dir='ltr'>res</span> <span class='ocrx_word' id='word_1_242' title='bbox 1477 2674 1589 2754; x_wconf 78' lang='lat' dir='ltr'>verbs,</span> <span class='ocrx_word' id='word_1_243' title='bbox 1613 2685 1647 2740; x_wconf 88' lang='lat' dir='ltr'>et</span> <span class='ocrx_word' id='word_1_244' title='bbox 1660 2683 1887 2740; x_wconf 85' lang='lat' dir='ltr'>contumaees</span> <span class='ocrx_word' id='word_1_245' title='bbox 1902 2685 2117 2762; x_wconf 84' lang='lat' dir='ltr'>peccatores,</span> <span class='ocrx_word' id='word_1_246' title='bbox 2139 2676 2269 2742; x_wconf 88' lang='lat' dir='ltr'>demde</span> <span class='ocrx_word' id='word_1_247' title='bbox 2285 2687 2396 2742; x_wconf 75' lang='lat' dir='ltr'>etiam</span> 
     </span>
    </p>
   </div>
   <div class='ocr_carea' id='block_1_5' title="bbox 470 2772 2399 2910">
    <p class='ocr_par' dir='ltr' id='par_1_7' title="bbox 470 2772 2399 2910">
     <span class='ocr_line' id='line_1_22' title="bbox 470 2772 2399 2862; baseline 0.001 -21"><span class='ocrx_word' id='word_1_248' title='bbox 470 2780 585 2841; x_wconf 71' lang='lat' dir='ltr'>⁸⁰¹⁰sl⁸</span> <span class='ocrx_word' id='word_1_249' title='bbox 605 2776 776 2838; x_wconf 58' lang='lat' dir='ltr'>&amp;flamm</span> <span class='ocrx_word' id='word_1_250' title='bbox 800 2777 1020 2826; x_wconf 75' lang='lat' dir='ltr'>uermeataoau</span> <span class='ocrx_word' id='word_1_251' title='bbox 1048 2778 1084 2828; x_wconf 61' lang='grc' dir='ltr'>εὐ</span> <span class='ocrx_word' id='word_1_252' title='bbox 1102 2789 1128 2827; x_wconf 80' lang='lat'>⁸·</span> <span class='ocrx_word' id='word_1_253' title='bbox 1141 2776 1241 2858; x_wconf 47' lang='grc' dir='ltr'>,156οη</span> <span class='ocrx_word' id='word_1_254' title='bbox 1269 2776 1354 2827; x_wconf 69' lang='grc' dir='ltr'><strong>Μ</strong></span> <span class='ocrx_word' id='word_1_255' title='bbox 1405 2775 1645 2845; x_wconf 88' lang='lat' dir='ltr'>dulcissimum</span> <span class='ocrx_word' id='word_1_256' title='bbox 1672 2772 1824 2862; x_wconf 89' lang='lat' dir='ltr'>ingentis</span> <span class='ocrx_word' id='word_1_257' title='bbox 1843 2774 2050 2842; x_wconf 88' lang='lat' dir='ltr'>clementiae</span> <span class='ocrx_word' id='word_1_258' title='bbox 2072 2789 2105 2843; x_wconf 91' lang='lat' dir='ltr'>et</span> <span class='ocrx_word' id='word_1_259' title='bbox 2127 2776 2399 2846; x_wconf 86' lang='lat' dir='ltr'>misericordiae</span> 
     </span>
     <span class='ocr_line' id='line_1_23' title="bbox 471 2845 1353 2910; baseline -0.003 -14"><span class='ocrx_word' id='word_1_260' title='bbox 471 2847 580 2910; x_wconf 76' lang='lat' dir='ltr'>quiden</span> <span class='ocrx_word' id='word_1_261' title='bbox 592 2846 701 2895; x_wconf 76' lang='lat' dir='ltr'>nonina</span> <span class='ocrx_word' id='word_1_262' title='bbox 713 2845 797 2910; x_wconf 81' lang='lat' dir='ltr'>edite,</span> <span class='ocrx_word' id='word_1_263' title='bbox 814 2845 1021 2897; x_wconf 77' lang='lat' dir='ltr'>altelsnthous</span> <span class='ocrx_word' id='word_1_264' title='bbox 1038 2848 1197 2909; x_wconf 73' lang='lat' dir='ltr'>conscripta</span> <span class='ocrx_word' id='word_1_265' title='bbox 1211 2847 1266 2909; x_wconf 82' lang='lat' dir='ltr'>cst,</span> <span class='ocrx_word' id='word_1_266' title='bbox 1283 2857 1353 2909; x_wconf 84' lang='lat' dir='ltr'>qna-</span> 
     </span>
    </p>
   </div>
   <div class='ocr_carea' id='block_1_6' title="bbox 471 2875 2422 3070">
    <p class='ocr_par' dir='ltr' id='par_1_8' title="bbox 471 2875 2422 3070">
     <span class='ocr_line' id='line_1_24' title="bbox 471 2875 2422 2980; baseline 0.003 -16"><span class='ocrx_word' id='word_1_267' title='bbox 471 2919 585 2979; x_wconf 67' lang='lat' dir='ltr'>propter</span> <span class='ocrx_word' id='word_1_268' title='bbox 601 2915 659 2964; x_wconf 75' lang='lat' dir='ltr'>aa.</span> <span class='ocrx_word' id='word_1_269' title='bbox 677 2913 800 2963; x_wconf 65' lang='lat' dir='ltr'>usurus</span> <span class='ocrx_word' id='word_1_270' title='bbox 812 2913 877 2964; x_wconf 76' lang='lat' dir='ltr'>usa</span> <span class='ocrx_word' id='word_1_271' title='bbox 890 2915 945 2966; x_wconf 76' lang='lat' dir='ltr'>ns.</span> <span class='ocrx_word' id='word_1_272' title='bbox 962 2914 1117 2980; x_wconf 67' lang='lat' dir='ltr'>vastatam.</span> <span class='ocrx_word' id='word_1_273' title='bbox 1129 2924 1154 2964; x_wconf 70' lang='lat' dir='ltr'>s</span> <span class='ocrx_word' id='word_1_274' title='bbox 1172 2915 1247 2963; x_wconf 81' lang='lat' dir='ltr'>saar.</span> <span class='ocrx_word' id='word_1_275' title='bbox 1263 2915 1354 2963; x_wconf 74' lang='lat' dir='ltr'>astur,</span> <span class='ocrx_word' id='word_1_276' title='bbox 1405 2876 1473 2945; x_wconf 65' lang='lat' dir='ltr'>Del</span> <span class='ocrx_word' id='word_1_277' title='bbox 1498 2877 1696 2966; x_wconf 70' lang='lat' dir='ltr'>e¹⁰³¹¹¹l¹l¹¹¹¹¹</span> <span class='ocrx_word' id='word_1_278' title='bbox 1721 2876 1793 2944; x_wconf 66' lang='lat'>⁸⁰5³</span> <span class='ocrx_word' id='word_1_279' title='bbox 1815 2875 1965 2964; x_wconf 60' lang='grc' dir='ltr'>Ροδῗθῑῑ8</span> <span class='ocrx_word' id='word_1_280' title='bbox 1987 2899 2127 2966; x_wconf 58' lang='lat' dir='ltr'>Semper</span> <span class='ocrx_word' id='word_1_281' title='bbox 2144 2878 2181 2945; x_wconf 67' lang='lat'>5¹¹</span> <span class='ocrx_word' id='word_1_282' title='bbox 2199 2889 2398 2973; x_wconf 44' lang='grc' dir='ltr'>ΜΡΝ</span> <span class='ocrx_word' id='word_1_283' title='bbox 2420 2907 2422 2911; x_wconf 79' lang='grc'>’</span> 
     </span>
     <span class='ocr_line' id='line_1_25' title="bbox 1407 2975 2400 3070; baseline -0.003 -23"><span class='ocrx_word' id='word_1_284' title='bbox 1407 3003 1499 3059; x_wconf 88' lang='lat' dir='ltr'>esse,</span> <span class='ocrx_word' id='word_1_285' title='bbox 1525 2991 1583 3059; x_wconf 89' lang='lat' dir='ltr'>nt,</span> <span class='ocrx_word' id='word_1_286' title='bbox 1608 2976 1747 3070; x_wconf 87' lang='lat' dir='ltr'>quoties</span> <span class='ocrx_word' id='word_1_287' title='bbox 1770 2975 1822 3042; x_wconf 91' lang='lat' dir='ltr'>illi</span> <span class='ocrx_word' id='word_1_288' title='bbox 1843 2977 1918 3045; x_wconf 91' lang='lat' dir='ltr'>dies</span> <span class='ocrx_word' id='word_1_289' title='bbox 1941 2978 2159 3047; x_wconf 86' lang='lat' dir='ltr'>volventibus</span> <span class='ocrx_word' id='word_1_290' title='bbox 2174 2979 2279 3047; x_wconf 91' lang='lat' dir='ltr'>annis</span> <span class='ocrx_word' id='word_1_291' title='bbox 2296 2978 2400 3047; x_wconf 89' lang='lat' dir='ltr'>redi-</span> 
     </span>
    </p>
   </div>
   <div class='ocr_carea' id='block_1_7' title="bbox 276 3049 2400 4502">
    <p class='ocr_par' dir='ltr' id='par_1_9' title="bbox 276 3049 2400 4502">
     <span class='ocr_line' id='line_1_26' title="bbox 521 3049 2400 3169; baseline -0.003 -17"><span class='ocrx_word' id='word_1_292' title='bbox 521 3050 582 3118; x_wconf 53' lang='grc' dir='ltr'>ΒΘ</span> <span class='ocrx_word' id='word_1_293' title='bbox 609 3050 894 3140; x_wconf 51' lang='grc' dir='ltr'>υῖὶιῑῖῖῗῑίὴυδ</span> <span class='ocrx_word' id='word_1_294' title='bbox 921 3049 1202 3117; x_wconf 57' lang='lat' dir='ltr'>calendffii·</span> <span class='ocrx_word' id='word_1_295' title='bbox 1405 3093 1508 3161; x_wconf 82' lang='lat' dir='ltr'>rent,</span> <span class='ocrx_word' id='word_1_296' title='bbox 1541 3079 1608 3149; x_wconf 89' lang='lat' dir='ltr'>sibi</span> <span class='ocrx_word' id='word_1_297' title='bbox 1632 3080 1667 3146; x_wconf 82' lang='lat' dir='ltr'>et</span> <span class='ocrx_word' id='word_1_298' title='bbox 1687 3074 1875 3146; x_wconf 85' lang='lat' dir='ltr'>horribiles</span> <span class='ocrx_word' id='word_1_299' title='bbox 1896 3100 2027 3169; x_wconf 92' lang='lat' dir='ltr'>poenas</span> <span class='ocrx_word' id='word_1_300' title='bbox 2048 3078 2148 3168; x_wconf 79' lang='lat' dir='ltr'>impii</span> <span class='ocrx_word' id='word_1_301' title='bbox 2171 3080 2322 3160; x_wconf 85' lang='lat' dir='ltr'>mundi,</span> <span class='ocrx_word' id='word_1_302' title='bbox 2359 3091 2400 3146; x_wconf 85' lang='lat' dir='ltr'>ct</span> 
     </span>
     <span class='ocr_line' id='line_1_27' title="bbox 472 3179 2397 3273; baseline -0.004 -17"><span class='ocrx_word' id='word_1_303' title='bbox 472 3182 649 3256; x_wconf 89' lang='lat' dir='ltr'>Omnibus</span> <span class='ocrx_word' id='word_1_304' title='bbox 666 3183 840 3253; x_wconf 88' lang='lat' dir='ltr'>aetatibus</span> <span class='ocrx_word' id='word_1_305' title='bbox 853 3183 962 3272; x_wconf 87' lang='lat' dir='ltr'>-vulgo</span> <span class='ocrx_word' id='word_1_306' title='bbox 975 3183 1056 3252; x_wconf 87' lang='lat' dir='ltr'>lasti</span> <span class='ocrx_word' id='word_1_307' title='bbox 1070 3183 1245 3273; x_wconf 89' lang='lat' dir='ltr'>propositi</span> <span class='ocrx_word' id='word_1_308' title='bbox 1260 3199 1354 3269; x_wconf 84' lang='lat' dir='ltr'>sum,</span> <span class='ocrx_word' id='word_1_309' title='bbox 1405 3205 1527 3251; x_wconf 91' lang='lat' dir='ltr'>rursus</span> <span class='ocrx_word' id='word_1_310' title='bbox 1542 3179 1848 3252; x_wconf 88' lang='lat' dir='ltr'>conservationem</span> <span class='ocrx_word' id='word_1_311' title='bbox 1867 3203 1908 3248; x_wconf 91' lang='lat' dir='ltr'>ac</span> <span class='ocrx_word' id='word_1_312' title='bbox 1921 3181 2167 3249; x_wconf 86' lang='lat' dir='ltr'>liberationem</span> <span class='ocrx_word' id='word_1_313' title='bbox 2185 3181 2397 3250; x_wconf 84' lang='lat' dir='ltr'>mirandam</span> 
     </span>
     <span class='ocr_line' id='line_1_28' title="bbox 369 3281 2395 3390; baseline -0.005 -30"><span class='ocrx_word' id='word_1_314' title='bbox 369 3291 433 3390; x_wconf 91' lang='lat' dir='ltr'>qni</span> <span class='ocrx_word' id='word_1_315' title='bbox 455 3313 529 3359; x_wconf 92' lang='lat' dir='ltr'>non</span> <span class='ocrx_word' id='word_1_316' title='bbox 551 3299 692 3357; x_wconf 91' lang='lat' dir='ltr'>tantum</span> <span class='ocrx_word' id='word_1_317' title='bbox 713 3285 797 3353; x_wconf 90' lang='lat' dir='ltr'>anni</span> <span class='ocrx_word' id='word_1_318' title='bbox 821 3297 855 3353; x_wconf 92' lang='lat' dir='ltr'>et</span> <span class='ocrx_word' id='word_1_319' title='bbox 882 3285 1054 3354; x_wconf 90' lang='lat' dir='ltr'>mensium</span> <span class='ocrx_word' id='word_1_320' title='bbox 1078 3285 1351 3376; x_wconf 87' lang='lat' dir='ltr'>descriptionem</span> <span class='ocrx_word' id='word_1_321' title='bbox 1405 3282 1553 3377; x_wconf 90' lang='lat' dir='ltr'>pusillae</span> <span class='ocrx_word' id='word_1_322' title='bbox 1566 3281 1742 3355; x_wconf 79' lang='lat' dir='ltr'>Ecclesiae</span> <span class='ocrx_word' id='word_1_323' title='bbox 1757 3281 1795 3350; x_wconf 89' lang='lat' dir='ltr'>iu</span> <span class='ocrx_word' id='word_1_324' title='bbox 1814 3282 2026 3351; x_wconf 86' lang='lat' dir='ltr'>memoriam</span> <span class='ocrx_word' id='word_1_325' title='bbox 2045 3294 2273 3364; x_wconf 88' lang='lat' dir='ltr'>revocarent,</span> <span class='ocrx_word' id='word_1_326' title='bbox 2303 3295 2341 3351; x_wconf 88' lang='lat' dir='ltr'>et</span> <span class='ocrx_word' id='word_1_327' title='bbox 2357 3281 2395 3350; x_wconf 92' lang='lat' dir='ltr'>in</span> 
     </span>
     <span class='ocr_line' id='line_1_29' title="bbox 369 3385 2394 3482; baseline -0.008 -13"><span class='ocrx_word' id='word_1_328' title='bbox 369 3406 571 3469; x_wconf 74' lang='lat' dir='ltr'>accuratam</span> <span class='ocrx_word' id='word_1_329' title='bbox 596 3389 869 3467; x_wconf 83' lang='lat' dir='ltr'>continuerunt,</span> <span class='ocrx_word' id='word_1_330' title='bbox 894 3400 1073 3479; x_wconf 89' lang='lat' dir='ltr'>sumptam</span> <span class='ocrx_word' id='word_1_331' title='bbox 1091 3413 1111 3455; x_wconf 92' lang='lat' dir='ltr'>a</span> <span class='ocrx_word' id='word_1_332' title='bbox 1130 3389 1285 3460; x_wconf 88' lang='lat' dir='ltr'>motibus</span> <span class='ocrx_word' id='word_1_333' title='bbox 1300 3391 1353 3459; x_wconf 91' lang='lat' dir='ltr'>ln·</span> <span class='ocrx_word' id='word_1_334' title='bbox 1405 3388 1534 3455; x_wconf 89' lang='lat' dir='ltr'>timore</span> <span class='ocrx_word' id='word_1_335' title='bbox 1555 3385 1623 3455; x_wconf 89' lang='lat' dir='ltr'>Dei</span> <span class='ocrx_word' id='word_1_336' title='bbox 1652 3386 1828 3469; x_wconf 89' lang='lat' dir='ltr'>viventes,</span> <span class='ocrx_word' id='word_1_337' title='bbox 1865 3405 1931 3476; x_wconf 87' lang='lat' dir='ltr'>pro</span> <span class='ocrx_word' id='word_1_338' title='bbox 1955 3386 2014 3453; x_wconf 88' lang='lat' dir='ltr'>illa</span> <span class='ocrx_word' id='word_1_339' title='bbox 2040 3410 2178 3456; x_wconf 91' lang='lat' dir='ltr'>summa</span> <span class='ocrx_word' id='word_1_340' title='bbox 2202 3385 2394 3482; x_wconf 83' lang='lat' dir='ltr'>clementia</span> 
     </span>
     <span class='ocr_line' id='line_1_30' title="bbox 370 3486 2399 3583; baseline -0.005 -17"><span class='ocrx_word' id='word_1_341' title='bbox 370 3499 528 3576; x_wconf 92' lang='lat' dir='ltr'>minum,</span> <span class='ocrx_word' id='word_1_342' title='bbox 561 3495 622 3563; x_wconf 91' lang='lat' dir='ltr'>sed</span> <span class='ocrx_word' id='word_1_343' title='bbox 642 3492 747 3559; x_wconf 89' lang='lat' dir='ltr'>etiam</span> <span class='ocrx_word' id='word_1_344' title='bbox 771 3486 939 3561; x_wconf 89' lang='lat' dir='ltr'>historias</span> <span class='ocrx_word' id='word_1_345' title='bbox 962 3492 1134 3583; x_wconf 90' lang='lat' dir='ltr'>quasdam</span> <span class='ocrx_word' id='word_1_346' title='bbox 1160 3490 1351 3581; x_wconf 89' lang='lat' dir='ltr'>insignium</span> <span class='ocrx_word' id='word_1_347' title='bbox 1405 3488 1483 3557; x_wconf 87' lang='lat' dir='ltr'>Deo</span> <span class='ocrx_word' id='word_1_348' title='bbox 1501 3488 1633 3579; x_wconf 82' lang='lat' dir='ltr'>gratias</span> <span class='ocrx_word' id='word_1_349' title='bbox 1650 3499 1812 3577; x_wconf 82' lang='lat' dir='ltr'>agerent,</span> <span class='ocrx_word' id='word_1_350' title='bbox 1839 3498 1872 3555; x_wconf 88' lang='lat' dir='ltr'>et</span> <span class='ocrx_word' id='word_1_351' title='bbox 1890 3488 1924 3553; x_wconf 92' lang='lat' dir='ltr'>in</span> <span class='ocrx_word' id='word_1_352' title='bbox 1939 3488 2012 3557; x_wconf 90' lang='lat' dir='ltr'>suis</span> <span class='ocrx_word' id='word_1_353' title='bbox 2028 3487 2209 3558; x_wconf 86' lang='lat' dir='ltr'>aerumnis</span> <span class='ocrx_word' id='word_1_354' title='bbox 2225 3487 2399 3557; x_wconf 81' lang='lat' dir='ltr'>omnibns‘</span> 
     </span>
     <span class='ocr_line' id='line_1_31' title="bbox 368 3588 2393 3684; baseline -0.004 -17"><span class='ocrx_word' id='word_1_355' title='bbox 368 3598 621 3667; x_wconf 91' lang='lat' dir='ltr'>liberationum</span> <span class='ocrx_word' id='word_1_356' title='bbox 655 3594 758 3663; x_wconf 89' lang='lat' dir='ltr'>certis</span> <span class='ocrx_word' id='word_1_357' title='bbox 791 3592 965 3662; x_wconf 89' lang='lat' dir='ltr'>mensium</span> <span class='ocrx_word' id='word_1_358' title='bbox 1001 3593 1125 3663; x_wconf 90' lang='lat' dir='ltr'>diebus</span> <span class='ocrx_word' id='word_1_359' title='bbox 1159 3594 1353 3684; x_wconf 89' lang='lat' dir='ltr'>adscriptas</span> <span class='ocrx_word' id='word_1_360' title='bbox 1405 3590 1554 3661; x_wconf 92' lang='lat' dir='ltr'>similem</span> <span class='ocrx_word' id='word_1_361' title='bbox 1590 3591 1828 3681; x_wconf 89' lang='lat' dir='ltr'>praesentiam</span> <span class='ocrx_word' id='word_1_362' title='bbox 1855 3588 1921 3658; x_wconf 88' lang='lat' dir='ltr'>Dei</span> <span class='ocrx_word' id='word_1_363' title='bbox 1953 3604 1988 3658; x_wconf 87' lang='lat' dir='ltr'>et</span> <span class='ocrx_word' id='word_1_364' title='bbox 2011 3614 2116 3681; x_wconf 89' lang='lat' dir='ltr'>opem</span> <span class='ocrx_word' id='word_1_365' title='bbox 2143 3601 2323 3681; x_wconf 90' lang='lat' dir='ltr'>peterent,</span> <span class='ocrx_word' id='word_1_366' title='bbox 2357 3600 2393 3656; x_wconf 87' lang='lat' dir='ltr'>et</span> 
     </span>
     <span class='ocr_line' id='line_1_32' title="bbox 368 3693 2061 3785; baseline -0.004 -16"><span class='ocrx_word' id='word_1_367' title='bbox 368 3697 592 3778; x_wconf 91' lang='lat' dir='ltr'>habuerunt,</span> <span class='ocrx_word' id='word_1_368' title='bbox 627 3709 668 3763; x_wconf 90' lang='lat' dir='ltr'>nt</span> <span class='ocrx_word' id='word_1_369' title='bbox 697 3696 829 3785; x_wconf 93' lang='lat' dir='ltr'>populo</span> <span class='ocrx_word' id='word_1_370' title='bbox 859 3694 982 3763; x_wconf 89' lang='lat' dir='ltr'>talium</span> <span class='ocrx_word' id='word_1_371' title='bbox 1011 3694 1262 3763; x_wconf 87' lang='lat' dir='ltr'>beneficiorum</span> <span class='ocrx_word' id='word_1_372' title='bbox 1285 3694 1353 3763; x_wconf 89' lang='lat' dir='ltr'>Dei</span> <span class='ocrx_word' id='word_1_373' title='bbox 1405 3707 1498 3761; x_wconf 90' lang='lat' dir='ltr'>certa</span> <span class='ocrx_word' id='word_1_374' title='bbox 1519 3693 1586 3760; x_wconf 89' lang='lat' dir='ltr'>lide</span> <span class='ocrx_word' id='word_1_375' title='bbox 1604 3705 1808 3761; x_wconf 89' lang='lat' dir='ltr'>constanter</span> <span class='ocrx_word' id='word_1_376' title='bbox 1825 3705 2061 3783; x_wconf 81' lang='lat' dir='ltr'>expectarent.</span> 
     </span>
     <span class='ocr_line' id='line_1_33' title="bbox 369 3793 2387 3890; baseline -0.004 -20"><span class='ocrx_word' id='word_1_377' title='bbox 369 3800 543 3870; x_wconf 88' lang='lat' dir='ltr'>memoria</span> <span class='ocrx_word' id='word_1_378' title='bbox 560 3796 752 3890; x_wconf 89' lang='lat' dir='ltr'>quotannis</span> <span class='ocrx_word' id='word_1_379' title='bbox 770 3799 964 3864; x_wconf 88' lang='lat' dir='ltr'>eorundem</span> <span class='ocrx_word' id='word_1_380' title='bbox 980 3797 1117 3865; x_wconf 91' lang='lat' dir='ltr'>dierum</span> <span class='ocrx_word' id='word_1_381' title='bbox 1136 3821 1280 3867; x_wconf 89' lang='lat' dir='ltr'>recursu</span> <span class='ocrx_word' id='word_1_382' title='bbox 1297 3822 1353 3865; x_wconf 87' lang='lat' dir='ltr'>re·</span> <span class='ocrx_word' id='word_1_383' title='bbox 1506 3793 1638 3864; x_wconf 88' lang='lat' dir='ltr'>Moises</span> <span class='ocrx_word' id='word_1_384' title='bbox 1655 3819 1798 3887; x_wconf 92' lang='lat' dir='ltr'>quoque</span> <span class='ocrx_word' id='word_1_385' title='bbox 1815 3796 2055 3865; x_wconf 90' lang='lat' dir='ltr'>defensionem</span> <span class='ocrx_word' id='word_1_386' title='bbox 2075 3796 2200 3886; x_wconf 93' lang='lat' dir='ltr'>populi</span> <span class='ocrx_word' id='word_1_387' title='bbox 2222 3795 2256 3862; x_wconf 94' lang='lat' dir='ltr'>in</span> <span class='ocrx_word' id='word_1_388' title='bbox 2272 3797 2387 3885; x_wconf 82' lang='lat' dir='ltr'>Aegy·</span> 
     </span>
     <span class='ocr_line' id='line_1_34' title="bbox 368 3896 2388 3989; baseline -0.003 -19"><span class='ocrx_word' id='word_1_389' title='bbox 368 3913 576 3972; x_wconf 85' lang='lat' dir='ltr'>novaretur.</span> <span class='ocrx_word' id='word_1_390' title='bbox 626 3896 683 3965; x_wconf 91' lang='lat' dir='ltr'>Sic</span> <span class='ocrx_word' id='word_1_391' title='bbox 696 3897 811 3963; x_wconf 86' lang='lat' dir='ltr'>Adam</span> <span class='ocrx_word' id='word_1_392' title='bbox 836 3920 914 3965; x_wconf 92' lang='lat' dir='ltr'>cnm</span> <span class='ocrx_word' id='word_1_393' title='bbox 937 3898 1092 3965; x_wconf 89' lang='lat' dir='ltr'>breviter</span> <span class='ocrx_word' id='word_1_394' title='bbox 1114 3899 1186 3967; x_wconf 89' lang='lat' dir='ltr'>suis</span> <span class='ocrx_word' id='word_1_395' title='bbox 1202 3900 1353 3989; x_wconf 87' lang='lat' dir='ltr'>posteris</span> <span class='ocrx_word' id='word_1_396' title='bbox 1404 3908 1466 3987; x_wconf 88' lang='lat' dir='ltr'>pto</span> <span class='ocrx_word' id='word_1_397' title='bbox 1488 3897 1665 3966; x_wconf 80' lang='lat' dir='ltr'>adversus</span> <span class='ocrx_word' id='word_1_398' title='bbox 1689 3896 1970 3965; x_wconf 88' lang='lat' dir='ltr'>crudelissimum</span> <span class='ocrx_word' id='word_1_399' title='bbox 1995 3910 2212 3989; x_wconf 91' lang='lat' dir='ltr'>tyrannum,</span> <span class='ocrx_word' id='word_1_400' title='bbox 2246 3909 2282 3964; x_wconf 90' lang='lat' dir='ltr'>et</span> <span class='ocrx_word' id='word_1_401' title='bbox 2304 3898 2388 3964; x_wconf 91' lang='lat' dir='ltr'>edu·</span> 
     </span>
     <span class='ocr_line' id='line_1_35' title="bbox 370 3996 2391 4094; baseline -0.004 -21"><span class='ocrx_word' id='word_1_402' title='bbox 370 4023 548 4094; x_wconf 81' lang='lat' dir='ltr'>exponere</span> <span class='ocrx_word' id='word_1_403' title='bbox 561 3999 750 4090; x_wconf 89' lang='lat' dir='ltr'>potuisset,</span> <span class='ocrx_word' id='word_1_404' title='bbox 777 3997 979 4067; x_wconf 86' lang='lat' dir='ltr'>nniversam</span> <span class='ocrx_word' id='word_1_405' title='bbox 996 4000 1120 4068; x_wconf 92' lang='lat' dir='ltr'>mnndi</span> <span class='ocrx_word' id='word_1_406' title='bbox 1137 3996 1353 4085; x_wconf 88' lang='lat' dir='ltr'>machinam,</span> <span class='ocrx_word' id='word_1_407' title='bbox 1404 3998 1558 4066; x_wconf 89' lang='lat' dir='ltr'>ctionem</span> <span class='ocrx_word' id='word_1_408' title='bbox 1584 4011 1703 4066; x_wconf 89' lang='lat' dir='ltr'>tantae</span> <span class='ocrx_word' id='word_1_409' title='bbox 1728 3998 1966 4067; x_wconf 90' lang='lat' dir='ltr'>multitudinis</span> <span class='ocrx_word' id='word_1_410' title='bbox 1989 4023 2032 4068; x_wconf 77' lang='lat' dir='ltr'>er</span> <span class='ocrx_word' id='word_1_411' title='bbox 2053 3998 2256 4069; x_wconf 82' lang='lat' dir='ltr'>tristissima</span> <span class='ocrx_word' id='word_1_412' title='bbox 2281 3996 2391 4067; x_wconf 87' lang='lat' dir='ltr'>servi·</span> 
     </span>
     <span class='ocr_line' id='line_1_36' title="bbox 369 4100 2394 4191; baseline -0.004 -16"><span class='ocrx_word' id='word_1_413' title='bbox 369 4119 404 4175; x_wconf 89' lang='lat' dir='ltr'>et</span> <span class='ocrx_word' id='word_1_414' title='bbox 428 4129 483 4173; x_wconf 91' lang='lat' dir='ltr'>res</span> <span class='ocrx_word' id='word_1_415' title='bbox 509 4125 633 4191; x_wconf 88' lang='lat' dir='ltr'>omnes</span> <span class='ocrx_word' id='word_1_416' title='bbox 657 4124 730 4168; x_wconf 90' lang='lat' dir='ltr'>non</span> <span class='ocrx_word' id='word_1_417' title='bbox 752 4100 878 4181; x_wconf 91' lang='lat' dir='ltr'>simul,</span> <span class='ocrx_word' id='word_1_418' title='bbox 921 4112 983 4167; x_wconf 92' lang='lat' dir='ltr'>aut</span> <span class='ocrx_word' id='word_1_419' title='bbox 1006 4103 1129 4168; x_wconf 91' lang='lat' dir='ltr'>eodem</span> <span class='ocrx_word' id='word_1_420' title='bbox 1156 4115 1353 4186; x_wconf 90' lang='lat' dir='ltr'>momento,</span> <span class='ocrx_word' id='word_1_421' title='bbox 1404 4112 1498 4182; x_wconf 90' lang='lat' dir='ltr'>tute,</span> <span class='ocrx_word' id='word_1_422' title='bbox 1523 4100 1793 4190; x_wconf 87' lang='lat' dir='ltr'>patefactionem</span> <span class='ocrx_word' id='word_1_423' title='bbox 1809 4101 1893 4169; x_wconf 90' lang='lat' dir='ltr'>item</span> <span class='ocrx_word' id='word_1_424' title='bbox 1913 4100 1998 4190; x_wconf 89' lang='lat' dir='ltr'>legis</span> <span class='ocrx_word' id='word_1_425' title='bbox 2013 4101 2155 4169; x_wconf 91' lang='lat' dir='ltr'>divinae</span> <span class='ocrx_word' id='word_1_426' title='bbox 2177 4102 2216 4168; x_wconf 90' lang='lat' dir='ltr'>in</span> <span class='ocrx_word' id='word_1_427' title='bbox 2235 4102 2394 4182; x_wconf 87' lang='lat' dir='ltr'>deserto,</span> 
     </span>
     <span class='ocr_line' id='line_1_37' title="bbox 276 4189 2394 4298; baseline -0.004 -20"><span class='ocrx_word' id='word_1_428' title='bbox 276 4189 283 4202; x_wconf 35' lang='lat'>⁸</span> <span class='ocrx_word' id='word_1_429' title='bbox 364 4207 431 4279; x_wconf 85' lang='lat' dir='ltr'>sed</span> <span class='ocrx_word' id='word_1_430' title='bbox 453 4203 579 4274; x_wconf 90' lang='lat' dir='ltr'>ordine</span> <span class='ocrx_word' id='word_1_431' title='bbox 601 4204 757 4298; x_wconf 90' lang='lat' dir='ltr'>quodam</span> <span class='ocrx_word' id='word_1_432' title='bbox 781 4214 815 4270; x_wconf 92' lang='lat' dir='ltr'>et</span> <span class='ocrx_word' id='word_1_433' title='bbox 837 4200 1057 4271; x_wconf 89' lang='lat' dir='ltr'>successione</span> <span class='ocrx_word' id='word_1_434' title='bbox 1080 4200 1196 4270; x_wconf 91' lang='lat' dir='ltr'>aDeo</span> <span class='ocrx_word' id='word_1_435' title='bbox 1217 4216 1352 4275; x_wconf 90' lang='lat' dir='ltr'>creatas</span> <span class='ocrx_word' id='word_1_436' title='bbox 1404 4212 1439 4270; x_wconf 82' lang='lat' dir='ltr'>et</span> <span class='ocrx_word' id='word_1_437' title='bbox 1467 4205 1638 4295; x_wconf 87' lang='lat' dir='ltr'>quasdam</span> <span class='ocrx_word' id='word_1_438' title='bbox 1671 4201 1757 4270; x_wconf 90' lang='lat' dir='ltr'>alias</span> <span class='ocrx_word' id='word_1_439' title='bbox 1788 4203 1968 4272; x_wconf 90' lang='lat' dir='ltr'>mirandas</span> <span class='ocrx_word' id='word_1_440' title='bbox 1996 4202 2223 4272; x_wconf 87' lang='lat' dir='ltr'>liberationes</span> <span class='ocrx_word' id='word_1_441' title='bbox 2252 4202 2394 4296; x_wconf 87' lang='lat' dir='ltr'>populi,</span> 
     </span>
     <span class='ocr_line' id='line_1_38' title="bbox 369 4303 2394 4399; baseline -0.003 -21"><span class='ocrx_word' id='word_1_442' title='bbox 369 4332 472 4394; x_wconf 86' lang='lat' dir='ltr'>esse:¹</span> <span class='ocrx_word' id='word_1_443' title='bbox 495 4306 601 4375; x_wconf 89' lang='lat' dir='ltr'>etiam</span> <span class='ocrx_word' id='word_1_444' title='bbox 628 4304 764 4373; x_wconf 89' lang='lat' dir='ltr'>dierum</span> <span class='ocrx_word' id='word_1_445' title='bbox 786 4303 1004 4372; x_wconf 89' lang='lat' dir='ltr'>mentionem</span> <span class='ocrx_word' id='word_1_446' title='bbox 1033 4304 1191 4386; x_wconf 92' lang='lat' dir='ltr'>addidit,</span> <span class='ocrx_word' id='word_1_447' title='bbox 1224 4306 1353 4399; x_wconf 88' lang='lat' dir='ltr'>quibus</span> <span class='ocrx_word' id='word_1_448' title='bbox 1403 4316 1580 4372; x_wconf 90' lang='lat' dir='ltr'>certorum</span> <span class='ocrx_word' id='word_1_449' title='bbox 1605 4303 1742 4372; x_wconf 90' lang='lat' dir='ltr'>dierum</span> <span class='ocrx_word' id='word_1_450' title='bbox 1768 4304 1901 4372; x_wconf 90' lang='lat' dir='ltr'>adiecta</span> <span class='ocrx_word' id='word_1_451' title='bbox 1925 4307 2105 4374; x_wconf 91' lang='lat' dir='ltr'>mentione</span> <span class='ocrx_word' id='word_1_452' title='bbox 2127 4307 2171 4373; x_wconf 92' lang='lat' dir='ltr'>ad</span> <span class='ocrx_word' id='word_1_453' title='bbox 2200 4304 2394 4395; x_wconf 89' lang='lat' dir='ltr'>posterita-</span> 
     </span>
     <span class='ocr_line' id='line_1_39' title="bbox 363 4402 2394 4502; baseline -0.003 -22"><span class='ocrx_word' id='word_1_454' title='bbox 363 4423 518 4501; x_wconf 85' lang='lat' dir='ltr'>·opernm</span> <span class='ocrx_word' id='word_1_455' title='bbox 549 4407 756 4475; x_wconf 90' lang='lat' dir='ltr'>varietatem</span> <span class='ocrx_word' id='word_1_456' title='bbox 782 4406 999 4495; x_wconf 83' lang='lat' dir='ltr'>distinguere</span> <span class='ocrx_word' id='word_1_457' title='bbox 1025 4407 1138 4476; x_wconf 92' lang='lat' dir='ltr'>voluit</span> <span class='ocrx_word' id='word_1_458' title='bbox 1159 4408 1240 4476; x_wconf 90' lang='lat' dir='ltr'>ideo</span> <span class='ocrx_word' id='word_1_459' title='bbox 1263 4432 1352 4501; x_wconf 93' lang='lat' dir='ltr'>quo·</span> <span class='ocrx_word' id='word_1_460' title='bbox 1403 4420 1472 4475; x_wconf 90' lang='lat' dir='ltr'>tem</span> <span class='ocrx_word' id='word_1_461' title='bbox 1497 4406 1703 4475; x_wconf 85' lang='lat' dir='ltr'>transmisit.</span> <span class='ocrx_word' id='word_1_462' title='bbox 1755 4405 1826 4497; x_wconf 84' lang='lat' dir='ltr'>Qui</span> <span class='ocrx_word' id='word_1_463' title='bbox 1850 4406 1930 4475; x_wconf 93' lang='lat' dir='ltr'>ideo</span> <span class='ocrx_word' id='word_1_464' title='bbox 1954 4430 2117 4502; x_wconf 88' lang='lat' dir='ltr'>quoque,</span> <span class='ocrx_word' id='word_1_465' title='bbox 2151 4408 2250 4499; x_wconf 93' lang='lat' dir='ltr'>quod</span> <span class='ocrx_word' id='word_1_466' title='bbox 2273 4402 2394 4474; x_wconf 90' lang='lat' dir='ltr'>homi-</span> 
     </span>
    </p>
   </div>
   <div class='ocr_carea' id='block_1_8' title="bbox 242 4508 2395 4607">
    <p class='ocr_par' dir='ltr' id='par_1_10' title="bbox 242 4508 2395 4607">
     <span class='ocr_line' id='line_1_40' title="bbox 242 4508 2395 4607; baseline -0.001 -27"><span class='ocrx_word' id='word_1_467' title='bbox 242 4531 248 4545; x_wconf 54' lang='lat'><strong>⁸</strong></span> <span class='ocrx_word' id='word_1_468' title='bbox 368 4537 457 4607; x_wconf 91' lang='lat' dir='ltr'>qne,</span> <span class='ocrx_word' id='word_1_469' title='bbox 483 4522 525 4581; x_wconf 87' lang='lat' dir='ltr'>ut</span> <span class='ocrx_word' id='word_1_470' title='bbox 540 4533 622 4581; x_wconf 90' lang='lat' dir='ltr'>snos</span> <span class='ocrx_word' id='word_1_471' title='bbox 640 4521 801 4598; x_wconf 90' lang='lat' dir='ltr'>posteros</span> <span class='ocrx_word' id='word_1_472' title='bbox 817 4510 1047 4592; x_wconf 89' lang='lat' dir='ltr'>admoneret,</span> <span class='ocrx_word' id='word_1_473' title='bbox 1071 4523 1130 4591; x_wconf 91' lang='lat' dir='ltr'>nt,</span> <span class='ocrx_word' id='word_1_474' title='bbox 1157 4510 1296 4602; x_wconf 91' lang='lat' dir='ltr'>quoties</span> <span class='ocrx_word' id='word_1_475' title='bbox 1313 4510 1351 4579; x_wconf 94' lang='lat' dir='ltr'>in</span> <span class='ocrx_word' id='word_1_476' title='bbox 1403 4533 1488 4579; x_wconf 89' lang='lat' dir='ltr'>num</span> <span class='ocrx_word' id='word_1_477' title='bbox 1513 4522 1609 4577; x_wconf 88' lang='lat' dir='ltr'>tanta</span> <span class='ocrx_word' id='word_1_478' title='bbox 1634 4521 1685 4577; x_wconf 90' lang='lat' dir='ltr'>est</span> <span class='ocrx_word' id='word_1_479' title='bbox 1700 4508 1912 4600; x_wconf 82' lang='lat' dir='ltr'>negligentia</span> <span class='ocrx_word' id='word_1_480' title='bbox 1931 4522 1967 4580; x_wconf 88' lang='lat' dir='ltr'>et</span> <span class='ocrx_word' id='word_1_481' title='bbox 1981 4508 2225 4600; x_wconf 85' lang='lat' dir='ltr'>ingratitudo,</span> <span class='ocrx_word' id='word_1_482' title='bbox 2251 4520 2294 4579; x_wconf 87' lang='lat' dir='ltr'>nt</span> <span class='ocrx_word' id='word_1_483' title='bbox 2309 4533 2395 4577; x_wconf 85' lang='lat' dir='ltr'>mox</span> 
     </span>
    </p>
   </div>
   <div class='ocr_carea' id='block_1_9' title="bbox 335 4600 2398 5937">
    <p class='ocr_par' dir='ltr' id='par_1_11' title="bbox 335 4600 2398 5937">
     <span class='ocr_line' id='line_1_41' title="bbox 367 4600 2393 4702; baseline -0.003 -18"><span class='ocrx_word' id='word_1_484' title='bbox 367 4617 490 4684; x_wconf 89' lang='lat' dir='ltr'>eadem</span> <span class='ocrx_word' id='word_1_485' title='bbox 510 4612 705 4702; x_wconf 89' lang='lat' dir='ltr'>septimana</span> <span class='ocrx_word' id='word_1_486' title='bbox 724 4600 925 4680; x_wconf 89' lang='lat' dir='ltr'>diesiidem</span> <span class='ocrx_word' id='word_1_487' title='bbox 949 4625 1192 4696; x_wconf 87' lang='lat' dir='ltr'>recurrerent,</span> <span class='ocrx_word' id='word_1_488' title='bbox 1219 4614 1350 4680; x_wconf 89' lang='lat' dir='ltr'>miran-</span> <span class='ocrx_word' id='word_1_489' title='bbox 1402 4612 1540 4682; x_wconf 88' lang='lat' dir='ltr'>soleant</span> <span class='ocrx_word' id='word_1_490' title='bbox 1572 4609 1732 4680; x_wconf 87' lang='lat' dir='ltr'>oblivisci</span> <span class='ocrx_word' id='word_1_491' title='bbox 1764 4635 1986 4681; x_wconf 87' lang='lat' dir='ltr'>summorum</span> <span class='ocrx_word' id='word_1_492' title='bbox 2023 4610 2279 4680; x_wconf 79' lang='lat' dir='ltr'>beneficiorum</span> <span class='ocrx_word' id='word_1_493' title='bbox 2311 4610 2393 4692; x_wconf 90' lang='lat' dir='ltr'>Dei,</span> 
     </span>
     <span class='ocr_line' id='line_1_42' title="bbox 367 4709 2392 4806; baseline -0.001 -21"><span class='ocrx_word' id='word_1_494' title='bbox 367 4718 434 4785; x_wconf 90' lang='lat' dir='ltr'>dae</span> <span class='ocrx_word' id='word_1_495' title='bbox 452 4713 641 4784; x_wconf 88' lang='lat' dir='ltr'>creationis</span> <span class='ocrx_word' id='word_1_496' title='bbox 655 4709 722 4778; x_wconf 91' lang='lat' dir='ltr'>Dei</span> <span class='ocrx_word' id='word_1_497' title='bbox 739 4713 1032 4794; x_wconf 91' lang='lat' dir='ltr'>recordarentur,</span> <span class='ocrx_word' id='word_1_498' title='bbox 1059 4726 1094 4781; x_wconf 91' lang='lat' dir='ltr'>et</span> <span class='ocrx_word' id='word_1_499' title='bbox 1113 4738 1180 4805; x_wconf 89' lang='lat' dir='ltr'>pro</span> <span class='ocrx_word' id='word_1_500' title='bbox 1204 4715 1350 4806; x_wconf 90' lang='lat' dir='ltr'>singulis</span> <span class='ocrx_word' id='word_1_501' title='bbox 1402 4717 1516 4786; x_wconf 91' lang='lat' dir='ltr'>iussus</span> <span class='ocrx_word' id='word_1_502' title='bbox 1539 4727 1610 4796; x_wconf 85' lang='lat' dir='ltr'>est,</span> <span class='ocrx_word' id='word_1_503' title='bbox 1644 4712 1845 4784; x_wconf 87' lang='lat' dir='ltr'>constitutis</span> <span class='ocrx_word' id='word_1_504' title='bbox 1867 4712 2117 4797; x_wconf 77' lang='lat' dir='ltr'>certis&#39;iestis,</span> <span class='ocrx_word' id='word_1_505' title='bbox 2151 4738 2281 4805; x_wconf 86' lang='lat' dir='ltr'>cogere</span> <span class='ocrx_word' id='word_1_506' title='bbox 2300 4715 2392 4783; x_wconf 92' lang='lat' dir='ltr'>mul-</span> 
     </span>
     <span class='ocr_line' id='line_1_43' title="bbox 366 4810 2389 4909; baseline -0.002 -22"><span class='ocrx_word' id='word_1_507' title='bbox 366 4818 546 4908; x_wconf 91' lang='lat' dir='ltr'>operibns,</span> <span class='ocrx_word' id='word_1_508' title='bbox 563 4838 655 4909; x_wconf 90' lang='lat' dir='ltr'>qnae</span> <span class='ocrx_word' id='word_1_509' title='bbox 669 4813 731 4879; x_wconf 93' lang='lat' dir='ltr'>illo</span> <span class='ocrx_word' id='word_1_510' title='bbox 748 4813 805 4881; x_wconf 90' lang='lat' dir='ltr'>die</span> <span class='ocrx_word' id='word_1_511' title='bbox 823 4814 981 4883; x_wconf 89' lang='lat' dir='ltr'>absoluta</span> <span class='ocrx_word' id='word_1_512' title='bbox 997 4839 1069 4885; x_wconf 88' lang='lat' dir='ltr'>esse</span> <span class='ocrx_word' id='word_1_513' title='bbox 1085 4816 1254 4905; x_wconf 88' lang='lat' dir='ltr'>legerent,</span> <span class='ocrx_word' id='word_1_514' title='bbox 1271 4816 1349 4886; x_wconf 90' lang='lat' dir='ltr'>Deo</span> <span class='ocrx_word' id='word_1_515' title='bbox 1404 4818 1612 4900; x_wconf 88' lang='lat' dir='ltr'>titudinem,</span> <span class='ocrx_word' id='word_1_516' title='bbox 1652 4828 1692 4885; x_wconf 92' lang='lat' dir='ltr'>ut</span> <span class='ocrx_word' id='word_1_517' title='bbox 1723 4810 1852 4886; x_wconf 89' lang='lat' dir='ltr'>harum</span> <span class='ocrx_word' id='word_1_518' title='bbox 1885 4818 2137 4887; x_wconf 91' lang='lat' dir='ltr'>liberationum</span> <span class='ocrx_word' id='word_1_519' title='bbox 2172 4818 2389 4899; x_wconf 30' lang='lat' dir='ltr'>memoria-m</span> 
     </span>
     <span class='ocr_line' id='line_1_44' title="bbox 366 4916 1796 5013; baseline -0.001 -24"><span class='ocrx_word' id='word_1_520' title='bbox 366 4920 485 5011; x_wconf 83' lang='lat' dir='ltr'>opifici</span> <span class='ocrx_word' id='word_1_521' title='bbox 505 4918 637 5007; x_wconf 83' lang='lat' dir='ltr'>gratias</span> <span class='ocrx_word' id='word_1_522' title='bbox 656 4928 821 5005; x_wconf 89' lang='lat' dir='ltr'>agerent,</span> <span class='ocrx_word' id='word_1_523' title='bbox 847 4939 927 4986; x_wconf 78' lang='lat' dir='ltr'>cunr</span> <span class='ocrx_word' id='word_1_524' title='bbox 943 4916 1200 5009; x_wconf 88' lang='lat' dir='ltr'>intelligerent,</span> <span class='ocrx_word' id='word_1_525' title='bbox 1228 4920 1349 4987; x_wconf 92' lang='lat' dir='ltr'>omnia</span> <span class='ocrx_word' id='word_1_526' title='bbox 1402 4920 1594 5013; x_wconf 89' lang='lat' dir='ltr'>quotannis</span> <span class='ocrx_word' id='word_1_527' title='bbox 1614 4919 1796 4989; x_wconf 89' lang='lat' dir='ltr'>recoleret.</span> 
     </span>
     <span class='ocr_line' id='line_1_45' title="bbox 364 5015 2392 5124; baseline 0.002 -35"><span class='ocrx_word' id='word_1_528' title='bbox 364 5015 932 5124; x_wconf 69' lang='lat' dir='ltr'>illasolinshominiscansaesse</span> <span class='ocrx_word' id='word_1_529' title='bbox 951 5020 1148 5096; x_wconf 75' lang='lat' dir='ltr'>elaboratas</span> <span class='ocrx_word' id='word_1_530' title='bbox 1182 5020 1239 5089; x_wconf 91' lang='lat' dir='ltr'>die</span> <span class='ocrx_word' id='word_1_531' title='bbox 1263 5046 1349 5091; x_wconf 88' lang='lat' dir='ltr'>vero</span> <span class='ocrx_word' id='word_1_532' title='bbox 1505 5022 1601 5115; x_wconf 85' lang='lat' dir='ltr'>Quin</span> <span class='ocrx_word' id='word_1_533' title='bbox 1634 5035 1669 5091; x_wconf 89' lang='lat' dir='ltr'>et</span> <span class='ocrx_word' id='word_1_534' title='bbox 1694 5018 1930 5092; x_wconf 86' lang='lat' dir='ltr'>Ethnicorum</span> <span class='ocrx_word' id='word_1_535' title='bbox 1954 5023 2035 5094; x_wconf 83' lang='lat' dir='ltr'>fasti</span> <span class='ocrx_word' id='word_1_536' title='bbox 2064 5049 2138 5093; x_wconf 93' lang='lat' dir='ltr'>non</span> <span class='ocrx_word' id='word_1_537' title='bbox 2159 5038 2305 5095; x_wconf 87' lang='lat' dir='ltr'>tantum</span> <span class='ocrx_word' id='word_1_538' title='bbox 2328 5022 2392 5094; x_wconf 89' lang='lat' dir='ltr'>ha-</span> 
     </span>
     <span class='ocr_line' id='line_1_46' title="bbox 366 5118 2398 5220; baseline 0.002 -28"><span class='ocrx_word' id='word_1_539' title='bbox 366 5118 512 5192; x_wconf 89' lang='lat' dir='ltr'>Sabbati</span> <span class='ocrx_word' id='word_1_540' title='bbox 535 5120 694 5189; x_wconf 90' lang='lat' dir='ltr'>omnium</span> <span class='ocrx_word' id='word_1_541' title='bbox 716 5119 969 5189; x_wconf 85' lang='lat' dir='ltr'>beneficiorum</span> <span class='ocrx_word' id='word_1_542' title='bbox 986 5120 1052 5188; x_wconf 88' lang='lat' dir='ltr'>Dei</span> <span class='ocrx_word' id='word_1_543' title='bbox 1072 5123 1283 5192; x_wconf 90' lang='lat' dir='ltr'>memoriam</span> <span class='ocrx_word' id='word_1_544' title='bbox 1299 5124 1349 5194; x_wconf 91' lang='lat' dir='ltr'>si·</span> <span class='ocrx_word' id='word_1_545' title='bbox 1399 5124 1555 5194; x_wconf 89' lang='lat' dir='ltr'>buerunt</span> <span class='ocrx_word' id='word_1_546' title='bbox 1569 5126 1724 5217; x_wconf 88' lang='lat' dir='ltr'>signatas</span> <span class='ocrx_word' id='word_1_547' title='bbox 1739 5125 1945 5195; x_wconf 81' lang='lat' dir='ltr'>festivitates</span> <span class='ocrx_word' id='word_1_548' title='bbox 1957 5128 2132 5210; x_wconf 86' lang='lat' dir='ltr'>solennes,</span> <span class='ocrx_word' id='word_1_549' title='bbox 2155 5151 2252 5220; x_wconf 87' lang='lat' dir='ltr'>qnae</span> <span class='ocrx_word' id='word_1_550' title='bbox 2267 5140 2398 5216; x_wconf 45' lang='lat' dir='ltr'>tamen,</span> 
     </span>
     <span class='ocr_line' id='line_1_47' title="bbox 335 5221 2391 5324; baseline 0.003 -31"><span class='ocrx_word' id='word_1_551' title='bbox 335 5222 441 5293; x_wconf 75' lang='lat' dir='ltr'>&#39;mul</span> <span class='ocrx_word' id='word_1_552' title='bbox 458 5221 795 5308; x_wconf 86' lang='lat' dir='ltr'>complecterentur,</span> <span class='ocrx_word' id='word_1_553' title='bbox 822 5234 856 5289; x_wconf 90' lang='lat' dir='ltr'>et</span> <span class='ocrx_word' id='word_1_554' title='bbox 872 5223 964 5292; x_wconf 88' lang='lat' dir='ltr'>serio</span> <span class='ocrx_word' id='word_1_555' title='bbox 980 5223 1190 5293; x_wconf 89' lang='lat' dir='ltr'>invocarent</span> <span class='ocrx_word' id='word_1_556' title='bbox 1205 5250 1244 5294; x_wconf 92' lang='lat' dir='ltr'>ac</span> <span class='ocrx_word' id='word_1_557' title='bbox 1260 5228 1348 5296; x_wconf 89' lang='lat' dir='ltr'>cele·</span> <span class='ocrx_word' id='word_1_558' title='bbox 1400 5226 1497 5318; x_wconf 91' lang='lat' dir='ltr'>ipsae</span> <span class='ocrx_word' id='word_1_559' title='bbox 1531 5253 1674 5324; x_wconf 86' lang='lat' dir='ltr'>quoque</span> <span class='ocrx_word' id='word_1_560' title='bbox 1702 5229 1747 5295; x_wconf 90' lang='lat' dir='ltr'>ad</span> <span class='ocrx_word' id='word_1_561' title='bbox 1770 5232 2049 5298; x_wconf 89' lang='lat' dir='ltr'>conservandam</span> <span class='ocrx_word' id='word_1_562' title='bbox 2076 5231 2294 5298; x_wconf 90' lang='lat' dir='ltr'>memoriam</span> <span class='ocrx_word' id='word_1_563' title='bbox 2319 5255 2391 5301; x_wconf 87' lang='lat' dir='ltr'>cer·</span> 
     </span>
     <span class='ocr_line' id='line_1_48' title="bbox 363 5320 2389 5419; baseline 0.004 -26"><span class='ocrx_word' id='word_1_564' title='bbox 363 5325 513 5393; x_wconf 79' lang='lat' dir='ltr'>brar-ent</span> <span class='ocrx_word' id='word_1_565' title='bbox 528 5320 656 5404; x_wconf 90' lang='lat' dir='ltr'>Deum,</span> <span class='ocrx_word' id='word_1_566' title='bbox 673 5348 716 5414; x_wconf 72' lang='lat' dir='ltr'>¹ae</span> <span class='ocrx_word' id='word_1_567' title='bbox 729 5323 923 5414; x_wconf 87' lang='lat' dir='ltr'>cogitantes</span> <span class='ocrx_word' id='word_1_568' title='bbox 937 5326 1091 5419; x_wconf 88' lang='lat' dir='ltr'>quietem</span> <span class='ocrx_word' id='word_1_569' title='bbox 1109 5328 1251 5417; x_wconf 90' lang='lat' dir='ltr'>septimi</span> <span class='ocrx_word' id='word_1_570' title='bbox 1265 5329 1348 5414; x_wconf 92' lang='lat' dir='ltr'>diei,</span> <span class='ocrx_word' id='word_1_571' title='bbox 1400 5342 1518 5400; x_wconf 89' lang='lat' dir='ltr'>torum</span> <span class='ocrx_word' id='word_1_572' title='bbox 1546 5329 1798 5401; x_wconf 84' lang='lat' dir='ltr'>beneficiorum</span> <span class='ocrx_word' id='word_1_573' title='bbox 1826 5329 1894 5399; x_wconf 86' lang='lat' dir='ltr'>Dei</span> <span class='ocrx_word' id='word_1_574' title='bbox 1920 5332 2101 5403; x_wconf 88' lang='lat' dir='ltr'>institutae</span> <span class='ocrx_word' id='word_1_575' title='bbox 2123 5333 2293 5415; x_wconf 85' lang='lat' dir='ltr'>luerunt;</span> <span class='ocrx_word' id='word_1_576' title='bbox 2331 5336 2389 5404; x_wconf 89' lang='lat' dir='ltr'>sed</span> 
     </span>
     <span class='ocr_line' id='line_1_49' title="bbox 362 5416 2387 5528; baseline 0.004 -32"><span class='ocrx_word' id='word_1_577' title='bbox 362 5426 496 5496; x_wconf 87' lang='lat' dir='ltr'>seirent</span> <span class='ocrx_word' id='word_1_578' title='bbox 514 5435 649 5494; x_wconf 88' lang='lat' dir='ltr'>restare</span> <span class='ocrx_word' id='word_1_579' title='bbox 671 5425 777 5491; x_wconf 91' lang='lat' dir='ltr'>aliam</span> <span class='ocrx_word' id='word_1_580' title='bbox 800 5425 909 5495; x_wconf 91' lang='lat' dir='ltr'>vitam</span> <span class='ocrx_word' id='word_1_581' title='bbox 935 5440 1016 5519; x_wconf 91' lang='lat' dir='ltr'>post</span> <span class='ocrx_word' id='word_1_582' title='bbox 1037 5424 1129 5497; x_wconf 87' lang='lat' dir='ltr'>hanc</span> <span class='ocrx_word' id='word_1_583' title='bbox 1143 5430 1251 5497; x_wconf 91' lang='lat' dir='ltr'>vitam</span> <span class='ocrx_word' id='word_1_584' title='bbox 1270 5456 1348 5500; x_wconf 92' lang='lat' dir='ltr'>cor·</span> <span class='ocrx_word' id='word_1_585' title='bbox 1400 5433 1505 5501; x_wconf 91' lang='lat' dir='ltr'>etiam</span> <span class='ocrx_word' id='word_1_586' title='bbox 1523 5445 1789 5526; x_wconf 88' lang='lat' dir='ltr'>proposuerunt</span> <span class='ocrx_word' id='word_1_587' title='bbox 1804 5433 1892 5503; x_wconf 92' lang='lat' dir='ltr'>alios</span> <span class='ocrx_word' id='word_1_588' title='bbox 1907 5438 2078 5528; x_wconf 90' lang='lat' dir='ltr'>quosdam</span> <span class='ocrx_word' id='word_1_589' title='bbox 2100 5416 2260 5524; x_wconf 71' lang='lat' dir='ltr'>insignes</span> <span class='ocrx_word' id='word_1_590' title='bbox 2286 5460 2387 5506; x_wconf 82' lang='lat' dir='ltr'>even</span> 
     </span>
     <span class='ocr_line' id='line_1_50' title="bbox 361 5527 2383 5630; baseline 0.005 -33"><span class='ocrx_word' id='word_1_591' title='bbox 361 5527 545 5621; x_wconf 88' lang='lat' dir='ltr'>poralem,</span> <span class='ocrx_word' id='word_1_592' title='bbox 579 5547 671 5619; x_wconf 86' lang='lat' dir='ltr'>quae</span> <span class='ocrx_word' id='word_1_593' title='bbox 699 5540 788 5595; x_wconf 85' lang='lat' dir='ltr'>esset</span> <span class='ocrx_word' id='word_1_594' title='bbox 811 5529 929 5597; x_wconf 82' lang='lat' dir='ltr'>fotura</span> <span class='ocrx_word' id='word_1_595' title='bbox 959 5544 1127 5623; x_wconf 89' lang='lat' dir='ltr'>perpetua</span> <span class='ocrx_word' id='word_1_596' title='bbox 1155 5532 1276 5627; x_wconf 90' lang='lat' dir='ltr'>quies,</span> <span class='ocrx_word' id='word_1_597' title='bbox 1308 5534 1347 5602; x_wconf 94' lang='lat' dir='ltr'>in</span> <span class='ocrx_word' id='word_1_598' title='bbox 1398 5547 1467 5616; x_wconf 89' lang='lat' dir='ltr'>tus,</span> <span class='ocrx_word' id='word_1_599' title='bbox 1488 5561 1641 5630; x_wconf 92' lang='lat' dir='ltr'>quornm</span> <span class='ocrx_word' id='word_1_600' title='bbox 1659 5535 1874 5624; x_wconf 88' lang='lat' dir='ltr'>cogitatione</span> <span class='ocrx_word' id='word_1_601' title='bbox 1890 5560 2007 5606; x_wconf 91' lang='lat' dir='ltr'>annua</span> <span class='ocrx_word' id='word_1_602' title='bbox 2023 5536 2230 5606; x_wconf 86' lang='lat' dir='ltr'>indicarunt</span> <span class='ocrx_word' id='word_1_603' title='bbox 2246 5540 2383 5630; x_wconf 81' lang='lat' dir='ltr'>sapien·</span> 
     </span>
     <span class='ocr_line' id='line_1_51' title="bbox 363 5627 2386 5735; baseline 0.004 -36"><span class='ocrx_word' id='word_1_604' title='bbox 363 5644 507 5701; x_wconf 85' lang='lat' dir='ltr'>aeterna</span> <span class='ocrx_word' id='word_1_605' title='bbox 524 5654 602 5697; x_wconf 86' lang='lat' dir='ltr'>curn</span> <span class='ocrx_word' id='word_1_606' title='bbox 620 5627 698 5696; x_wconf 91' lang='lat' dir='ltr'>Deo</span> <span class='ocrx_word' id='word_1_607' title='bbox 716 5630 900 5698; x_wconf 89' lang='lat' dir='ltr'>conditore</span> <span class='ocrx_word' id='word_1_608' title='bbox 916 5635 1183 5706; x_wconf 85' lang='lat' dir='ltr'>consuetudine.</span> <span class='ocrx_word' id='word_1_609' title='bbox 1369 5671 1374 5735; x_wconf 51' lang='grc' dir='ltr'><strong>ᾗ</strong></span> <span class='ocrx_word' id='word_1_610' title='bbox 1398 5648 1451 5706; x_wconf 88' lang='lat' dir='ltr'>tes</span> <span class='ocrx_word' id='word_1_611' title='bbox 1476 5634 1638 5709; x_wconf 90' lang='lat' dir='ltr'>homines</span> <span class='ocrx_word' id='word_1_612' title='bbox 1659 5637 1861 5727; x_wconf 88' lang='lat' dir='ltr'>imperitam</span> <span class='ocrx_word' id='word_1_613' title='bbox 1890 5650 1927 5706; x_wconf 90' lang='lat' dir='ltr'>et</span> <span class='ocrx_word' id='word_1_614' title='bbox 1949 5638 2158 5708; x_wconf 88' lang='lat' dir='ltr'>obliviosam</span> <span class='ocrx_word' id='word_1_615' title='bbox 2185 5640 2386 5711; x_wconf 89' lang='lat' dir='ltr'>multitudi-</span> 
     </span>
     <span class='ocr_line' id='line_1_52' title="bbox 464 5726 2392 5831; baseline 0.007 -31"><span class='ocrx_word' id='word_1_616' title='bbox 464 5730 522 5800; x_wconf 89' lang='lat' dir='ltr'>Sic</span> <span class='ocrx_word' id='word_1_617' title='bbox 540 5726 643 5801; x_wconf 87' lang='lat' dir='ltr'>Nohe</span> <span class='ocrx_word' id='word_1_618' title='bbox 660 5730 831 5821; x_wconf 88' lang='lat' dir='ltr'>potuisset</span> <span class='ocrx_word' id='word_1_619' title='bbox 845 5726 1030 5801; x_wconf 88' lang='lat' dir='ltr'>historiam</span> <span class='ocrx_word' id='word_1_620' title='bbox 1048 5737 1173 5805; x_wconf 91' lang='lat' dir='ltr'>diluvii</span> <span class='ocrx_word' id='word_1_621' title='bbox 1189 5738 1262 5808; x_wconf 90' lang='lat' dir='ltr'>suis</span> <span class='ocrx_word' id='word_1_622' title='bbox 1282 5764 1347 5831; x_wconf 94' lang='lat' dir='ltr'>po-</span> <span class='ocrx_word' id='word_1_623' title='bbox 1396 5762 1479 5807; x_wconf 91' lang='lat' dir='ltr'>nem</span> <span class='ocrx_word' id='word_1_624' title='bbox 1503 5741 1547 5808; x_wconf 92' lang='lat' dir='ltr'>de</span> <span class='ocrx_word' id='word_1_625' title='bbox 1572 5739 1708 5831; x_wconf 88' lang='lat' dir='ltr'>magnis</span> <span class='ocrx_word' id='word_1_626' title='bbox 1729 5740 1834 5810; x_wconf 88' lang='lat' dir='ltr'>rebus</span> <span class='ocrx_word' id='word_1_627' title='bbox 1855 5740 1989 5810; x_wconf 90' lang='lat' dir='ltr'>utiliter</span> <span class='ocrx_word' id='word_1_628' title='bbox 2002 5740 2141 5809; x_wconf 93' lang='lat' dir='ltr'>moneri</span> <span class='ocrx_word' id='word_1_629' title='bbox 2160 5764 2281 5831; x_wconf 86' lang='lat' dir='ltr'>posse.</span> <span class='ocrx_word' id='word_1_630' title='bbox 2337 5744 2392 5814; x_wconf 86' lang='lat' dir='ltr'>Sic</span> 
     </span>
     <span class='ocr_line' id='line_1_53' title="bbox 361 5831 2392 5937; baseline 0.005 -32"><span class='ocrx_word' id='word_1_631' title='bbox 361 5832 465 5905; x_wconf 86' lang='lat' dir='ltr'>steris</span> <span class='ocrx_word' id='word_1_632' title='bbox 482 5856 526 5903; x_wconf 86' lang='lat' dir='ltr'>eo</span> <span class='ocrx_word' id='word_1_633' title='bbox 540 5833 665 5902; x_wconf 84' lang='lat' dir='ltr'>ordine</span> <span class='ocrx_word' id='word_1_634' title='bbox 680 5831 893 5925; x_wconf 84' lang='lat' dir='ltr'>descriptam</span> <span class='ocrx_word' id='word_1_635' title='bbox 910 5846 992 5926; x_wconf 91' lang='lat' dir='ltr'>post</span> <span class='ocrx_word' id='word_1_636' title='bbox 1004 5860 1042 5907; x_wconf 85' lang='lat' dir='ltr'>se</span> <span class='ocrx_word' id='word_1_637' title='bbox 1057 5838 1281 5931; x_wconf 85' lang='lat' dir='ltr'>relinquere,</span> <span class='ocrx_word' id='word_1_638' title='bbox 1306 5852 1347 5911; x_wconf 91' lang='lat' dir='ltr'>ut</span> <span class='ocrx_word' id='word_1_639' title='bbox 1369 5886 1373 5914; x_wconf 48' lang='grc' dir='ltr'>ι</span> <span class='ocrx_word' id='word_1_640' title='bbox 1397 5840 1575 5914; x_wconf 87' lang='lat' dir='ltr'>cernimus</span> <span class='ocrx_word' id='word_1_641' title='bbox 1594 5842 1632 5912; x_wconf 94' lang='lat' dir='ltr'>in</span> <span class='ocrx_word' id='word_1_642' title='bbox 1648 5839 1747 5913; x_wconf 84' lang='lat' dir='ltr'>lastis</span> <span class='ocrx_word' id='word_1_643' title='bbox 1763 5841 1969 5929; x_wconf 73' lang='lat' dir='ltr'>Ovioianis,</span> <span class='ocrx_word' id='word_1_644' title='bbox 1994 5855 2029 5912; x_wconf 87' lang='lat' dir='ltr'>et</span> <span class='ocrx_word' id='word_1_645' title='bbox 2050 5843 2203 5937; x_wconf 88' lang='lat' dir='ltr'>antiquo</span> <span class='ocrx_word' id='word_1_646' title='bbox 2216 5844 2392 5916; x_wconf 84' lang='lat' dir='ltr'>Romano</span> 
     </span>
    </p>
   </div>
   <div class='ocr_carea' id='block_1_10' title="bbox 0 0 2772 6700">
    <p class='ocr_par' dir='ltr' id='par_1_12' title="bbox 0 0 2772 6700">
     <span class='ocr_line' id='line_1_54' title="bbox 0 0 2772 6700; baseline 0 0"><span class='ocrx_word' id='word_1_647' title='bbox 0 0 2772 6700; x_wconf 95' lang='lat' dir='ltr'> </span> 
     </span>
    </p>
   </div>
  </div>
 </body>
</html>
