5534 6700
363 665 439 738 ’198
998 659 1359 736 ADDITAMENTA
1382 661 1451 732 AI)
1475 660 1618 734 vola..
1644 658 1771 733 l-X.
1890 738 1899 749 ‚
2090 723 2092 725 .
2314 669 2391 743 ⁷94

361 838 471 904 modo
499 830 677 902 Ecclesiae
715 831 873 915 cladem,
911 834 974 902 sed
1010 833 1084 902 vim
1123 830 1230 903 etiem
1268 831 1351 902 fidei
1403 827 1473 900 hoc
1495 845 1568 915 est,
1601 828 1688 911 ὄνος
1706 826 1913 926 κιθαρίζω,
1946 845 1987 901 ut
2004 831 2132 902 Graeci
2156 833 2299 919 dicunt,
2330 841 2393 910 sed

362 947 563 1028 cognoscet.
614 933 708 1005 Nam
734 958 814 1004 cum
840 947 1011 1025 agnoscat
1034 936 1124 1005 iram
1144 935 1232 1018 Dei,
1257 935 1352 1005 Pro-
1405 934 1509 1024 cupio
1533 932 1686 1003 excitare
1710 933 1952 1010 iuventutem,
1984 957 2030 1002 ue
2052 931 2120 1003 hoc
2134 959 2246 1025 genus
2262 941 2394 1008 exerci-

360 1035 469 1132 pheta
492 1050 614 1106 umen
638 1060 714 1106 nou
734 1036 875 1105 dubitat
898 1037 954 1105 vel
979 1037 1111 1108 iratum
1137 1049 1244 1129 atque
1267 1036 1353 1106 alie·
1404 1035 1551 1105 tationis
1573 1034 1798 1104 intermittat.
1849 1033 2019 1125 Magnam
2043 1035 2139 1105 euim
2163 1037 2235 1106 vim
2255 1041 2394 1133 qualia·

361 1153 487 1210 uatum
515 1137 654 1208 adoriri
685 1162 726 1207 ae
754 1139 1003 1230 interpellare,
1037 1153 1073 1209 et
1095 1164 1114 1208 a
1140 1138 1353 1209 calamitatis
1404 1160 1545 1229 cunque
1577 1137 1736 1226 exempla
1768 1148 2005 1205 nontantum
2028 1132 2216 1208 inhaere
2240 1136 2394 1223 habent;

361 1253 507 1313 auctore
523 1241 673 1311 salutem
689 1264 834 1332 sperare
848 1266 889 1310 ac
904 1265 1061 1332 poscere.
1109 1239 1216 1334 Quod
1235 1265 1353 1309 exem·
1403 1261 1488 1306 uam
1514 1251 1550 1308 et
1565 1237 1741 1308 Hesiodus
1764 1236 1902 1331 inquit,
1931 1237 2067 1309 vicinos
2089 1239 2289 1312 vicinorum
2313 1243 2395 1311 dili-

361 1345 461 1435 plum
476 1355 651 1437 quantum
668 1339 798 1412 habeat
812 1345 987 1413 momenti
1003 1346 1047 1413 ad
1068 1344 1352 1412 confirmandam
1404 1339 1522 1430 geutia
1545 1341 1702 1409 excitari.
1756 1338 1877 1431 Quare
1897 1363 2062 1429 magnam
2082 1340 2147 1409 tibi
2162 1344 2315 1432 gratiam
2330 1340 2395 1413 he·

361 1446 459 1537 piem
488 1457 665 1526 mentem,
705 1445 807 1514 facile
834 1446 1052 1537 intelligent,
1083 1445 1146 1537 qui
1170 1440 1350 1514 Christum
1404 1444 1473 1510 beo
1495 1465 1562 1532 pro
1585 1441 1693 1511 misso
1716 1440 1873 1510 Psalmo.
1925 1440 2041 1532 Digna
2065 1443 2173 1533 plane
2194 1445 2316 1514 divina
2332 1445 2394 1515 ille

361 1549 511 1639 propius
526 1559 674 1617 norunt.
1405 1543 1459 1614 vis
1481 1542 1616 1634 ingenii
1636 1543 1690 1611 tui
1712 1554 1784 1624 est,
1819 1566 1912 1635 quae
1933 1556 2095 1613 versetur
2115 1546 2154 1613 iu
2182 1547 2394 1637 gravissimo

499 1652 503 1659 '
1404 1640 1586 1738 Propheta
1606 1643 1831 1715 illustrando.
1882 1643 1958 1715 Nos
1974 1669 2089 1737 nuper
2109 1659 2291 1742 utcunque
2314 1649 2395 1718 red-

958 1777 1011 1841 gp·
1028 1782 1122 1857 April.
1144 1782 1213 1839 mg
1235 1777 1331 1842 1529,
1405 1747 1563 1818 didimus
1575 1745 1777 1816 Psalmum:
1810 1744 1909 1815 Deus
1931 1746 2028 1816 stetit
2045 1749 2087 1815 iu
2102 1773 2284 1842 synagoga
2299 1748 2395 1818 Deo-

946 1861 1345 1907 m
1405 1873 1487 1919 rum
1496 1848 1547 1944 ¹),
1581 1844 1677 1917 huuc
1699 1843 1946 1939 typographus
1967 1847 2187 1919 Dialecticae
2206 1875 2309 1921 meae
2328 1875 2396 1921 nu·

681 1950 851 2017 Boiano
880 1951 1028 2020 Herse.
1405 1974 1471 2043 per
1490 1947 1549 2020 hic
1571 1949 1687 2018 editae
1706 1949 1863 2032 addidit,
1893 1973 1974 2018 cum
1997 1950 2141 2044 quidem
2156 1977 2231 2022 non
2249 1965 2340 2024 suet
2356 1951 2396 2020 in

430 2061 873 2126 rnenuo1uuusrmsrtpu:
907 2064 1043 2117 hamos
1062 2065 1200 2118 017111.
1226 2065 1353 2132 (extu)
1405 2048 1476 2123 hoc
1491 2051 1662 2142 scriptus,
1685 2047 1729 2120 'ut
1749 2052 2005 2142 publicaretur.
2056 2053 2116 2123 Tu
2138 2053 2336 2148 siquando
2357 2054 2397 2121 in

464 2131 1355 2262 ffissdaerffsgffiffi‘jx‘ssssgpssffimm‘ssff‘ssm‘fff
1406 2157 1507 2226 illum
1533 2153 1649 2223 obiter
1670 2153 1826 2237 incides,
1863 2155 2004 2222 veniam
2033 2155 2135 2225 dabis
2156 2152 2245 2225 mihi
2265 2179 2397 2248 parum

465 2272 493 2323 u
512 2271 613 2322 setosa
629 2266 762 2330 Νοτίου,
784 2280 820 2318 ss
837 2269 923 2320 urar.
946 2268 1022 2320 asto.
1058 2273 1084 2321 e.
1407 2269 1588 2338 assecuto,
1615 2256 1712 2347 quod
1735 2267 1883 2325 conatus
1905 2281 1996 2325 sum.
2047 2253 2146 2329 Nihil
2164 2272 2308 2349 praeter
2323 2272 2397 2332 stu·

453 2407 633 2495 uam
657 2405 901 2475 seuerus
927 2408 1065 2477 m...
1090 2411 1198 2478 a...
1223 2411 1264 2479 ³·
1406 2352 2396 2557 3³33.hietat:..tttltt‘dh'f‘ztistt

465 2541 617 2610 Mirifice
630 2540 765 2632 placuit
779 2539 942 2610 psalmus
957 2552 1038 2611 ²⁰⁰⁸
1054 2565 1170 2632 nuper
1184 2538 1255 2612 huc
1271 2541 1355 2612 ¹⁰5³·
1406 2586 1450 2654 ge
1472 2563 1602 2632 absunt
1623 2560 1668 2628 ab
1692 2559 1774 2643 illo,
1808 2560 1865 2629 cui
1886 2556 2061 2631 honorem
2085 2565 2244 2635 nominis
2263 2565 2396 2657 poetici

365 2668 444 2727 sus,
470 2667 546 2714 nou
569 2655 709 2713 tantum
735 2637 846 2724 mihi,
877 2644 939 2712 sed
961 2654 997 2710 et
1019 2639 1200 2728 Luthero,
1232 2642 1355 2727 lonae,
1406 2664 1517 2736 tribui
1533 2660 1912 2755 perminisssofflfius‚
1938 2665 2000 2735 sed
2022 2665 2158 2736 desino,
2209 2665 2328 2758 opto,
2353 2680 2396 2737 ut

364 2746 519 2839 denique
534 2745 704 2815 univerw
719 2741 885 2816 ⁸⁰d³fifi⁰
902 2756 1038 2816 ¹¹⁰⁸lf0·
1064 2744 1207 2815 Habent
1222 2745 1260 2815 5¹¹
1278 2769 1355 2814 ¹¹¹³·
1406 2766 1606 2837 felicissime
1627 2788 1707 2833 cum
1732 2760 1807 2833 tota
1830 2765 1967 2833 familia
1989 2769 2119 2839 valeas.
2170 2767 2395 2841 Witteuber·

364 2847 489 2932 uibus,
522 2848 647 2938 legunt
669 2846 820 2917 studiosi
846 2869 982 2916 omnes.
1047 2846 1182 2917 Scitum
1206 2861 1276 2931 cst,
1310 2850 1354 2917 de
1407 2862 1953 2961 gaepridies,lac0bi‚1629,

364 2949 484 3019 alieno
499 2949 651 3041 gratiam
668 2949 772 3018 inire.
811 2945 849 3015 ld
866 2971 1011 3040 quoque
1027 2972 1246 3042 consequor,
1273 2974 1354 3019 cum

363 3052 434 3122 illis
456 3050 597 3143 copiam
620 3050 712 3119 facio
729 3049 783 3119 tui
796 3049 983 3140 poematis.
1032 3048 1125 3120 Nam
1141 3046 1231 3119 mihi
1246 3052 1353 3121 etiam

365 3155 494 3222 debere
516 3176 554 3222 se
576 3152 786 3242 praedicant
808 3150 1003 3219 liberaliter
1025 3150 1247 3243 impartienti
1268 3152 1355 3244 ipsis
1441 3145 2396 3282 Offilffiffilfflfflffiffiripffiffigffi

365 3255 456 3325 tales
478 3252 628 3322 delitias.
680 3251 757 3342 Ego
774 3274 859 3320 vero
879 3251 1105 3341 cupidissime
1121 3256 1272 3340 ostendo
1289 3249 1355 3325 hu·
1474 3283 1594 3336 sestdt:
1630 3283 1758 3335 meon.
1781 3284 1874 3351 ‘mu
1890 3287 1961 3336 sm
1978 3286 2116 3339 omn„
2131 3288 2175 3337 et.
2193 3288 2237 3338 ste
2255 3287 2395 3340 mim.

367 3356 523 3428 iusmodi
543 3354 695 3447 scripta,
720 3367 761 3425 ut
784 3355 829 3422 ad
848 3347 938 3422 haec
953 3350 1069 3423 studia
1087 3357 1235 3425 colenda
1256 3358 1355 3426 etad
1474 3366 1543 3471 ἰωή
1567 3354 1755 3473 Ιηέῑιῑοᾞι
1771 3355 1800 3471 tp
1817 3354 2159 3475 ¹2⁶¹2J1¹⁸³¹³23⁰⁰⁰t⁰³v¹¹⁰1
2167 3353 2393 3477 uiam-pff.

364 3458 607 3529 imitationem
639 3457 762 3527 talium
791 3455 1036 3546 exemplorum
1065 3457 1205 3551 aliquos
1232 3481 1355 3543 accen.
1475 3432 1675 3541 ffiffffl
1688 3433 1932 3556 magram
1943 3437 1977 3545 τ
1990 3492 2009 3541 1.
2019 3435 2173 3545 ‘mangi
2246 3438 2272 3486 t·
2351 3438 2393 3488 ¹t·

369 3564 464 3632 dum.
489 3558 627 3629 Eodem
643 3559 792 3630 consilio
805 3582 927 3629 versus
941 3557 1120 3628 interdum
1136 3560 1211 3651 ipse
1225 3558 1355 3643 scribo,

373 1782 442 1841 'No
463 1779 518 1844 20.

371 1861 541 1891 Μ

1191 3765 1571 3782 —-—-————

496 3999 549 4059 uis
569 3994 847 4059 Praefationiburs
868 3999 1016 4060 Strobclio
1037 3998 1168 4062 collectis
1188 3998 1321 4058 eddium
1341 3996 1431 4057 hasce
1450 3999 1481 4055 in
1502 3998 1647 4076 prioribus
1668 3997 1754 4057 buius
1774 3999 1864 4077 Corp.
1886 3999 2088 4060 voluminibus
2108 4000 2246 4062 onium

400 4190 459 4249 No.
484 4185 513 4248 l.
1160 4203 1237 4243 anno
1252 4178 1347 4245 1524·
1409 4182 1542 4267 tiabat,
1566 4197 1602 4253 et
1622 4196 1742 4267 erant,
1767 4186 1828 4278 qui
1851 4209 1871 4253 a
1894 4186 2006 4256 tauris
2023 4209 2155 4254 nomeu
2172 4187 2395 4261 derivabant.

377 4264 547 4297 Μ
1149 4264 1357 4299 ww
1409 4283 1546 4369 Credo,
1579 4289 1677 4379 quod
1699 4286 1737 4354 in
1758 4299 1882 4356 tauros
1905 4287 1987 4369 alii,
2016 4287 2078 4356 alii
2100 4287 2139 4355 in
2155 4290 2273 4359 asinos
2289 4290 2394 4381 dege-

768 4356 802 4423 1‘
808 4358 957 4424 mm
1407 4400 1597 4471 nerarant,
1623 4387 1837 4481 etymologia
1852 4388 1914 4456 illa
1929 4389 2123 4459 delectatos
2140 4414 2226 4461 esse.
2277 4390 2395 4461 Maio-

438 4467 580 4520 Prsetstio
602 4466 631 4517 tu
655 4465 754 4517 tlbrun
776 4467 817 4517 sle
841 4468 1018 4531 lusorlptun:
1060 4469 1188 4522 mant
1213 4471 1355 4525 Metron.

374 4545 378 4550 -
476 4536 706 4601 mmmm
725 4535 942 4589 mmm
966 4537 1088 4602 nm
1104 4538 1158 4593 m,
1169 4540 1356 4606 a-ustgn,
1407 4512 1464 4558 res
1480 4502 1615 4559 temere
1630 4491 1770 4560 tinxisse
1785 4490 1983 4561 Homerum
2006 4491 2171 4561 arbitrati
2188 4505 2291 4576 suut,
2317 4492 2395 4564 Cir-

472 4604 580 4656 ettou.
596 4616 651 4655 non
668 4617 758 4669 nun„
776 4606 803 4656 e.
820 4605 885 4657 nin.
905 4604 970 4665 (tot.
988 4609 1011 4655 s
1024 4605 1059 4656 tt
1083 4606 1357 4660 ruuustsasutao-
1408 4613 1465 4659 ces
1495 4592 1633 4681 poculis
1662 4594 1835 4685 quosdam
1863 4591 2012 4663 iniectos
2047 4594 2203 4664 induisse
2234 4596 2394 4664 serarum

472 4672 920 4793 ιοωζηξξῗξὲζῖωῗῖξυζῃξᾚ
933 4672 1355 4795 ffiffiffifflfflffl
1406 4692 1551 4763 formas.
1603 4695 1651 4760 At
1671 4706 1793 4763 nostra
1808 4706 1906 4765 aetas
1918 4694 2009 4763 vidit
2025 4695 2139 4763 multo
2156 4694 2339 4780 verissime
2356 4698 2394 4766 iu

472 4812 659 4862 usuammn
675 4811 771 4869 usar).
806 4811 857 4863 uto
873 4811 986 4862 ttssuos
1004 4812 1031 4861 tn
1047 4813 1288 4865 nantolienses
1302 4818 1354 4863 est.
1407 4792 1536 4864 bestias
1559 4796 1748 4889 plerosque
1769 4808 1926 4866 mutatos
1948 4820 2021 4867 esse
2042 4799 2224 4886 degustata
2239 4798 2394 4869 barbare

579 4967 587 4983 ⁹
1142 4969 1150 4984 ·
1407 4896 1469 4962 illa
1499 4908 1533 4964 et
1561 4910 1728 4988 corrupte
1756 4898 1931 4967 doctrina.
1991 4898 2150 4967 Proinde
2177 4900 2331 4990 optarim
2356 4900 2394 4969 iu

508 4965 617 5033 ΡΜ·
643 4965 951 5034 Mela'wm‘m
977 4968 1150 5034 mmm
1176 4968 1217 5035 S·
1409 4992 1572 5088 physicas
1590 4994 1730 5069 scholas
1745 4999 1878 5092 ubique
1894 5000 2036 5089 explosa
2053 5001 2197 5069 tandem
2214 5002 2395 5087 barbarie,

473 5098 676 5168 Prudenter
705 5094 763 5166 hic
785 5101 1015 5170 coustitutum
1038 5115 1108 5183 est,
1140 5114 1181 5171 ut
1202 5096 1261 5181 hi,
1294 5099 1357 5193 qui
1409 5098 1539 5168 accersi
1562 5095 1629 5170 hos
1649 5100 1808 5169 Pontani
1826 5101 1983 5185 libellos,
2015 5104 2161 5194 quando
2187 5125 2227 5170 ea
2253 5116 2306 5173 est
2326 5103 2395 5173 ele-

372 5194 623 5295 physiologian
643 5202 801 5283 tradunt,
826 5226 893 5292 pro
908 5202 1063 5271 raucidis
1079 5202 1357 5285 commentariis,
1409 5200 1529 5290 gantis
1548 5202 1737 5284 carminis,
1762 5214 1802 5273 ut
1815 5202 1918 5271 facile
1935 5204 2071 5293 opponi
2086 5203 2254 5273 vetustati
2270 5203 2395 5294 possit,

373 5303 437 5397 qui
459 5303 568 5394 paulo
586 5315 669 5371 ante
687 5303 726 5371 iu
739 5298 868 5375 scholis
881 5306 1097 5396 regnabant,
1121 5305 1357 5395 interpreten-
1410 5314 1445 5371 et
1458 5326 1515 5373 res
1531 5301 1628 5393 ipsae
1644 5303 1919 5394 prudentissime
1936 5306 2121 5375 docentur.
2172 5305 2301 5395 Porro·
2314 5329 2394 5373 cum

372 5416 433 5473 tur
462 5418 605 5496 praeter
637 5405 726 5476 alios
757 5406 872 5477 honos
900 5408 1109 5498 scriptores,
1146 5420 1181 5476 et
1199 5406 1358 5475 Pontani
1409 5404 1497 5473 honi
1519 5428 1643 5475 omnes
1664 5406 1766 5474 unice
1791 5407 2038 5476 exosculantur
2055 5405 2281 5488 Pontanum,
2317 5418 2395 5476 tum

372 5505 551 5604 pericopa.
617 5506 711 5579 Nam
742 5518 845 5575 antea
872 5533 984 5601 usque
1012 5512 1101 5579 adeo
1126 5510 1359 5578 tradebantur
1408 5502 1613 5598 Alphonsus
1627 5506 1885 5598 Neapolitanus
1899 5532 1960 5577 rex
1975 5508 2066 5577 tenti
2086 5507 2186 5590 fecit,
2209 5519 2250 5575 ut
2269 5506 2394 5578 solitus

375 5610 497 5678 omnia
513 5608 665 5692 insulse,
690 5620 731 5677 ut
750 5632 884 5678 nomen
900 5610 1006 5679 etiam
1021 5611 1137 5701 ipsum
1155 5636 1196 5681 ac
1214 5612 1357 5682 titulum
1410 5608 1456 5678 sit
1472 5607 1610 5700 Regum
1636 5621 1698 5677 aut
1719 5610 1937 5700 populorum
1959 5609 2083 5700 legatis
2104 5610 2150 5676 ad
2168 5631 2205 5678 se
2223 5607 2396 5676 venienti·

373 5708 541 5808 μετέωρα
563 5711 790 5800 corruperint
812 5733 854 5779 ac
871 5714 1145 5805 concerpseriut.
1197 5713 1232 5783 0
1245 5714 1359 5782 incre·
1409 5712 1497 5795 bus,
1539 5735 1618 5795 cum
1648 5712 1747 5781 urbis
1775 5735 1861 5802 opes
1885 5723 1992 5805 atque
2021 5720 2233 5778 ornamenta
2255 5709 2393 5801 reliqua

375 5813 519 5883 dibilem
537 5812 748 5884 amentiam!
780 5812 896 5885 Nemo
911 5836 987 5883 uon
1002 5828 1184 5887 metauros
1199 5839 1359 5908 pronun·
1412 5814 1533 5883 omnia
1550 5813 1773 5898 ostendisset,
1794 5815 1838 5882 ad
1856 5825 2052 5883 extremum
2068 5810 2294 5903 spectandam
2311 5833 2395 5901 pro-
