5534 6700
364 575 440 651 ata
990 574 1349 649 auutrauaura
1371 577 1441 648 an
1466 576 1609 652 vom.
1634 575 1761 652 1-sx.
2317 570 2410 669 asts

364 770 436 831 ses,
469 770 561 840 quos
585 747 811 819 Ptolemaeus
836 742 1067 831 Chaldaicos,
1092 746 1214 818 ludaei
1240 747 1353 817 Grae·
1400 749 1507 818 etiam
1528 745 1801 821 Atheniensium
1825 772 1964 820 menses
1991 746 2207 819 Calendario
2232 747 2414 837 inscribi,-

364 874 425 927 ces
451 860 599 921 vocant:
633 872 712 919 cum
737 863 886 940 propter
910 851 999 922 alios
1031 850 1242 942 scriptores,
1275 861 1352 918 tum
1402 874 1556 946 quorum
1575 853 1710 921 mentio
1730 854 1769 921 bt
1787 852 1939 943 plurima
1960 848 2228 942 ascriptoribus
2243 855 2397 942 grauun

363 950 556 1045 praecipue
579 963 728 1042 propter
742 947 953 1043 losephum,
980 955 1042 1047 qui
1065 954 1196 1022 bouum
1212 963 1351 1042 partem
1504 953 1580 1024 Etsi
1607 966 1724 1023 antem
1747 956 1880 1024 scimus
1898 946 1942 1022 de
1960 976 2088 1022 eurum
2112 952 2241 1023 ordine
2255 965 2293 1023 et
2309 968 2414 1025 con-⁶

363 1052 529 1135 Iudaicae
552 1048 723 1125 historiae
746 1055 931 1137 describit,
959 1080 1051 1149 quae
1074 1055 1111 1122 in
1127 1054 1254 1123 Bibliis
1277 1074 1353 1122 nou
1402 1054 1586 1125 iunctione
1615 1080 1698 1124 cum
1728 1055 1977 1126 Raruranorum
2009 1055 2190 1125 mensibus
2224 1057 2416 1129 amultis'⁸

362 1152 538 1238 habetur,
562 1169 597 1227 et
620 1168 740 1227 tasum
764 1161 808 1226 ad
834 1157 1063 1248 intelligenda
1080 1153 1294 1247 Prophetica
1317 1166 1353 1223 et
1404 1157 1707 1250 variedispntari:
1735 1156 1856 1228 tamen
1878 1184 1943 1229 uos
1969 1171 2111 1228 utemur
2127 1156 2188 1226 illo
2211 1159 2344 1228 ordine
2361 1172 2400 1230 et

363 1257 569 1349 Apostolica
595 1258 726 1351 scripta
750 1261 947 1331 necessaria
971 1274 1033 1331 est.
1086 1259 1209 1329 Utitur
1231 1270 1351 1326 autem
1403 1260 1563 1343 ratione,
1590 1286 1699 1354 quam
1714 1261 1771 1330 vir
1786 1261 1932 1331 natione
1946 1260 2122 1342 Graccus,
2145 1272 2181 1330 et
2197 1259 2409 1355 antiquita--

364 1359 395 1440 is
423 1361 469 1429 ad
498 1359 690 1431 indicanda
720 1374 882 1454 tempora
914 1386 1034 1431 rerum
1066 1375 1245 1454 gestarum
1279 1361 1352 1428 lere
1404 1361 1447 1431 tis
1462 1363 1740 1433 studiosissimus
1756 1364 1967 1458 inquisitor,
1988 1360 2340 1449 TheodonssGaza,
2356 1365 2397 1434 in

364 1486 504 1554 semper
538 1463 738 1548 mensibus,
767 1477 808 1534 ut
835 1463 911 1559 ipse
945 1477 1067 1546 vocat,
1099 1463 1265 1545 Graecis,
1289 1486 1353 1531 seu
1403 1464 1522 1533 libello
1546 1467 1590 1534 de
1612 1466 1793 1536 mensibus
1821 1467 1986 1549 tradidit,
2013 1466 2222 1558 praesertim
2245 1490 2330 1535 cnm
2352 1492 2398 1538 ex

363 1564 617 1639 Macedonicis.
669 1565 791 1658 Quare
806 1561 893 1637 ethi
909 1591 988 1636 cum
1008 1564 1155 1636 lulianis
1173 1564 1352 1634 mensibus
1404 1566 1467 1649 iis,
1493 1567 1556 1660 qui
1579 1563 1696 1638 adhuc
1719 1569 1862 1662 quidem
1882 1566 2000 1639 Gaaae'
2021 1564 2168 1637 iuuenta
2189 1571 2417 1647 convellere·

365 1667 535 1758 coniungi
554 1669 696 1739 debent.
1404 1671 1523 1738 conati
1545 1684 1648 1755 sunt,
1675 1672 1793 1744 nullus
1815 1666 1989 1757 extiterit,
2015 1673 2077 1768 qui
2099 1672 2211 1743 breuis
2232 1673 2416 1746 testimo·-

435 1844 438 1849 ,
465 1769 530 1843 Est
553 1785 671 1844 autern
692 1767 750 1841 hic
767 1770 910 1840 illorum
930 1769 1102 1841 meusium
1131 1769 1353 1836 ordeetuo·
1405 1772 1473 1841 uiis
1490 1776 1701 1856 ostenderit,
1724 1800 1796 1869 quo
1813 1778 2182 1849 alioordiue-menses
2195 1772 2398 1849 Athenien-

365 1875 604 1945 menclatura:
1404 1873 1496 1943 sium
1522 1876 1709 1960 collocari,
1735 1891 1771 1946 et
1793 1883 1977 1972 quomodo
2002 1904 2083 1949 curn
2101 1868 2249 1950 Latinis·
2262 1882 2399 1952 mensi·

465 1973 693 2055 adderetur.
720 1969 907 2068 Περίτιος.
940 1969 1119 2068 Δύστρος.
1152 1969 1351 2051 Ξανθικός.
1375 1940 1380 2099 ι
1404 1978 1470 2046 bus
1486 1977 1654 2069 coniungi
1672 1980 1844 2065 debeant,
1869 1994 1910 2051 ut
1930 1982 2166 2052 rectus-enas
2179 1998 2397 2073 graecorum

380 2074 647 2174 ‚Zprsps'osoc
704 2074 857 2158 Asslreoc
885 2088 921 2145 et
948 2071 1351 2164 datoroc.·.11drssor.
1404 2078 1618 2170 scriptorum
1644 2083 1828 2153 sententiis
1851 2083 2196 2176 congurarit,¹·quae
2214 2106 2319 2168 sane,
2353 2096 2418 2156 ut·

412 2182 538 2278 Λῷος.
603 2181 814 2273 Γοραυαῖος.
876 2173 1182 2273 Ὑπερβερεταῒος.
1253 2177 1351 2255 Δῖος.
1405 2180 1440 2248 in
1458 2206 1495 2249 re
1512 2183 1617 2250 dubia
1639 2198 1785 2276 propter
1802 2186 2073 2278 antiquitatem,
2099 2186 2398 2280 aliquandosunt

411 2281 636 2364 Ἀπελλαῖος.
1404 2282 1676 2357 diversissimae.
2073 2326 2107 2337 -·
2189 2296 2222 2337 -'

384 2452 386 2457 .
464 2386 668 2477 Applicatio
687 2395 804 2455 autem
820 2372 948 2451 horum
966 2376 1352 2465 meusiumcurululia·
1505 2384 1573 2454 Sed
1598 2410 1663 2456 nos
1683 2408 1877 2480 sequamur
1894 2388 2237 2459 ecetesiam-Gazae
2265 2380 2417 2459 sumn:

365 2487 422 2565 nis
441 2488 554 2559 facilis
577 2501 630 2561 est
658 2511 700 2558 ex
719 2481 891 2576 losepho,
924 2497 1114 2577 postquam
1143 2477 1211 2551 hoc
1242 2481 1352 2551 semel
1403 2489 1488 2555 dum
1505 2487 1756 2559 verisimilibus
1770 2491 1971 2569 rationibus
1986 2494 2235 2561 condensum
2249 2504 2396 2562 sentem

367 2591 598 2665 muetitutum
618 2603 688 2672 est,
705 2587 832 2670 Nisae,
850 2588 1004 2678 primum
1022 2609 1178 2654 mensem
1194 2583 1352 2653 Ebraeo·
1405 2589 1489 2656 tiam
1516 2591 1559 2657 de
1582 2592 1763 2662 mensibus
1783 2590 1930 2678 Atticis,
1956 2596 2136 2688 quam-ed
2159 2588 2256 2663 hune
2280 2586 2419 2689 usqae

366 2710 467 2779 roua,
499 2693 679 2784 pertinere
706 2694 752 2761 ad
777 2690 959 2781 Aprilem,
993 2713 1067 2756 non
1095 2689 1140 2754 od
1167 2686 1351 2758 Martium.
1403 2692 1497 2761 diem
1514 2716 1644 2785 magno
1662 2718 1834 2765 consensu
1848 2696 2079 2769 eruditissimi
2096 2695 2174 2763 riri·
2190 2695 2229 2763 iu
2244 2695 2403 2789 Europa·

365 2795 458 2867 Nam
490 2792 660 2887 losephus
694 2794 819 2863 crebro
848 2792 1033 2882 coniungit
1061 2783 1244 2871 ξανθικὸν
1269 2813 1349 2856 curn
1403 2795 1668 2885 approbarunt,
1695 2818 1774 2866 eum
1799 2799 1927 2868 melior
1948 2794 2072 2869 haberi
2098 2814 2174 2866 non
2196 2800 2333 2889 possit,
2361 2804 2421 2868 εί·

365 2895 589 2969 Ehraeorum
611 2899 744 2980 Nisan,
770 2908 806 2965 et
828 2894 916 2964 alios
939 2893 1113 2964 similiter.
1166 2889 1286 2982 Quare
1310 2914 1350 2956 ex
1374 2903 1378 2929 ¹
1404 2899 1609 2978 credamus,
1643 2894 1737 2965 hum
1768 2900 1873 2970 luisse
1904 2902 2065 2970 ordinem
2095 2901 2274 2969 mensium
2297 2905 2400 2991 apud

365 2995 434 3071 bac
454 3000 682 3090 copulatione
715 2997 908 3080 meusium,
939 3021 1007 3089 qua
1034 2988 1205 3083 losephus
1227 2991 1351 3072 utitur,
1375 2934 1380 3049 l
1402 2994 1655 3082 Athenienses,
1686 3000 1749 3093 qui
1786 3024 1920 3072 annum
1945 2999 2159 3071 inchoabant
2188 3024 2208 3067 a
2233 3002 2402 3069 solstitio

367 3113 524 3184 constat,
566 3098 775 3174 aiduuniov
813 3122 885 3169 esse
921 3097 1147 3175 laumarium,
1188 3089 1351 3188 depictor
1404 3101 1557 3182 aestivo,
1590 3113 1631 3168 ut
1653 3103 1790 3191 primus
1812 3104 1970 3196 ipsorum
1993 3104 2122 3172 mensis
2144 3102 2255 3170 luerit
2279 3097 2403 3172 Ἕκα·

365 3202 622 3287 Februarium,
645 3195 809 3299 δύστρον
827 3199 1017 3281 Martium,
1047 3211 1081 3266 et
1104 3197 1153 3265 sic
1173 3195 1351 3284 deinceps.
1403 3194 1608 3295 τομβαιών.

365 3304 415 3378 Et
435 3303 528 3378 hanc
555 3305 730 3377 meusium
754 3302 1070 3373 Macedonicorum
1103 3324 1182 3369 cum
1206 3295 1352 3368 Iulianis
1553 3302 1736 3378 Secundus
1897 3301 2193 3407 Μεταγειτνιών.

366 3409 625 3481 connexionem
655 3410 844 3479 confirmat
870 3418 1081 3498 perpetuum
1106 3400 1350 3473 testimonium
1555 3405 1701 3479 Tertius
1899 3406 2157 3507 Βοηδρομιὼν.

367 3513 516 3597 Sidae,
543 3514 606 3606 qui
630 3535 754 3582 omues
775 3512 847 3581 lere
872 3504 938 3579 hos
953 3533 1092 3579 menses
1112 3505 1183 3575 illis
1206 3502 1351 3573 lulianis
1555 3510 1714 3600 Quartus
1897 3501 2214 3606 Mnspnxcqproir.

367 3616 528 3708 copulat,
555 3616 683 3709 quibus
699 3640 765 3685 nos
780 3614 920 3683 ratione
933 3610 1157 3682 Ebraeorum
1174 3606 1351 3677 mensium
1373 3647 1379 3705 p
1556 3612 1712 3702 Quintus
1897 3607 2145 3709 Πυανεψιών.

367 3743 409 3790 ex
424 3713 575 3808 losepho
598 3741 657 3788 eos
676 3717 890 3809 aptavimus.
1374 3712 1379 3809 Ι
1556 3714 1680 3784 Sextus
1889 3706 2173 3809 Ἀνθεστηριῶν.

469 3817 592 3910 Quare
608 3821 714 3889 etiam
739 3821 783 3887 de
799 3816 1041 3887 Macedonicis
1058 3812 1238 3884 mensibus
1251 3809 1350 3879 nulla
1375 3819 1378 3862 ¹
1556 3815 1735 3907 Septimus
1883 3812 2128 3912 ,Honndsnlm

366 3933 419 3994 est
440 3919 637 4004 dubitatio,
671 3921 760 4015 quin
783 3916 851 3989 hoc
865 3921 975 3989 modo
997 3944 1076 3989 cum
1100 3914 1245 3985 lulianis
1268 3934 1352 3981 cou-
1555 3916 1713 3989 Octavus
1899 3917 2114 4015 Γαμηλιών.

365 4036 514 4117 μήκαὶ,
540 4037 580 4095 ut
596 4024 730 4094 dictum
746 4035 816 4105 est,
841 4021 1004 4117 quamvis
1021 4022 1195 4110 interpres
1208 4009 1353 4106 losephi
1557 4019 1683 4091 Nonus
1891 4012 2191 4117 Ἐλαφηβολιών.

363 4123 503 4200 meuses
518 4125 770 4197 Macedonicos
789 4148 933 4215 semper
953 4149 1033 4194 cum
1058 4118 1352 4216 praecedentibus
1554 4121 1723 4193 Decimus
1897 4115 2147 4214 Mowvxmir.

364 4230 614 4302 Romanorum
638 4230 821 4300 mensibus
844 4227 1054 4319 coniungat,
1075 4240 1120 4299 ut
1135 4222 1351 4295 Xanthicum
1557 4223 1775 4296 Undecimus
1899 4222 2130 4324 θαργηλιών.

366 4345 446 4403 carru
462 4331 617 4414 Martio,
633 4331 864 4403 Artemisium
882 4355 961 4401 cnm
978 4331 1113 4423 Aprili,
1140 4344 1175 4400 et
1193 4342 1352 4399 caeteros
1554 4326 1799 4410 Duodecimus
1897 4318 2179 4424 Σὶιιροφοριῶν.

365 4438 490 4506 eod'em
509 4436 638 4518 modo,
665 4445 804 4506 secutus
820 4434 965 4504 illorum
985 4435 1184 4519 rationem,
1211 4433 1272 4527 qui
1289 4428 1352 4500 Ni·
1375 4392 1380 4542 Ι
1505 4427 1673 4500 Ostendit
1688 4435 1808 4501 autem
1824 4431 1920 4500 Gaza
1947 4432 2032 4501 satis
2057 4427 2292 4497 evidentibus
2306 4424 2396 4495 testi-

363 4553 449 4620 sa'u,
476 4538 633 4630 primum
657 4534 872 4607 ludaeorum
890 4561 1071 4621 mensem,
1105 4563 1185 4608 cum
1216 4534 1350 4605 Martio
1376 4545 1379 4602 l
1405 4531 1554 4616 moniis,
1572 4531 2208 4628 c‘xa'copfluttiraluisseeolstitalem
2226 4551 2393 4609 inensem,

363 4654 488 4712 nostro
518 4641 708 4733 copulant,
752 4642 849 4734 quod
882 4640 1107 4710 incommode
1136 4640 1214 4710 beri
1243 4661 1348 4731 supro
1375 4613 1677 4725 'respondentem
1708 4649 1833 4706 nostro
1859 4633 1964 4706 lunio
1987 4638 2081 4716 lere,
2108 4645 2144 4701 et
2165 4629 2397 4708 nonnemo.

364 4744 596 4815 ostendimus.
871 4750 885 4778 '
1374 4662 1621 4822 ibrumalem,
1663 4741 1938 4831 respondentem
1973 4748 2097 4808 nostro
2129 4734 2329 4805 Decembri
2357 4742 2393 4802 ut

573 4857 575 4862 '
1402 4841 1612 4933 plurimum.
1662 4841 1784 4934 Quare
1799 4839 1967 4911 Ianuario
1994 4853 2170 4931 congruet
2187 4833 2392 4938 γαμηλιῶν,

561 4926 624 4997 De
659 4927 891 4997 mensibus
922 4927 1156 5034 Atticis&
1400 4943 1598 5014 Februario
1620 4942 1897 5041 ἐλαφηβολιῶν,
1923 4957 1958 5012 et
1975 4944 2107 5039 reliqui
2134 4943 2391 5013 convenienter

465 5061 515 5132 lta
540 5062 712 5134 habemus
736 5065 807 5132 iam
829 5088 968 5134 menses
989 5065 1069 5134 illos
1100 5089 1179 5134 cum
1203 5063 1349 5139 luliauis
1400 5047 1541 5117 ”lime
1558 5047 1705 5119 ⁰¹dl¹¹l⁸·

363 5166 591 5248 coniunctos,
626 5167 686 5260 qui
713 5167 759 5235 ad
788 5167 1035 5258 intelligendas
1057 5166 1213 5239 Biblicas
1238 5165 1348 5241 histo-

362 5271 434 5341 rias
450 5270 637 5339 necessarii
653 5282 747 5339 suut.
2153 5354 2162 5371 .
2326 5351 2335 5372 ⁶

464 5372 532 5443 Sed
552 5369 633 5464 quia
655 5372 830 5457 diximus,
857 5396 899 5442 ex
918 5372 1069 5442 aliarum
1096 5399 1239 5468 quoque
1264 5399 1346 5467 geu·
1500 5357 1561 5428 Fit
1579 5358 1710 5428 ffifflbi
1729 5357 1767 5428 l¹¹
1788 5355 2021 5448 8ΠῙΙΝΨῙῙἊΒ
2044 5377 2203 5445 fflstss,
2238 5376 2386 5428 mmm

360 5475 449 5546 tium
466 5471 645 5553 historiis,
672 5486 707 5544 et
729 5474 882 5545 maxime
899 5474 1065 5560 Graecis,
1092 5480 1265 5570 quaedam
1282 5503 1347 5550 no-
1397 5459 1651 5532 Ecclesiastieis
1660 5461 1766 5530 etiam
1776 5462 1910 5529 mentio
1920 5459 2179 5552 Aegyptiorum
2200 5458 2380 5536 meusium,

361 5590 437 5648 tatu
456 5579 560 5669 digua
586 5578 621 5643 iu
641 5575 854 5647 Calendario
876 5578 1009 5669 signari
1030 5581 1177 5665 debere,
1204 5595 1347 5673 oportet
1400 5589 1490 5659 (1⁰⁰⁸
1511 5577 1633 5633 “¹¹⁰⁰ss
1654 5577 1695 5633 Ul
1717 5576 1827 5634 ⁵1³¹⁰⁵
1851 5576 1886 5631 el
1906 5564 1992 5631 fl¹⁰⁵
2024 5562 2069 5629 ab
2099 5559 2171 5630 illis
2196 5572 2378 5654 ὓδΰψὸῑω

363 5722 566 5733 —--—--·
1397 5668 1525 5751 fuisse,
1544 5691 1639 5752 non,
1661 5679 1702 5735 nt
1723 5689 1830 5759 supra
1850 5666 1981 5734 dictum
2001 5675 2071 5748 est,
2097 5664 2261 5738 mobiles
2283 5675 2382 5734 etva-

392 5796 443 5866 se)
461 5799 574 5869 autom
594 5802 636 5855 nc
653 5804 702 5854 er,
721 5802 764 5865 ι,
782 5801 833 5852 ee,
853 5801 876 5855 t.
894 5801 1114 5854 summan,
1399 5782 1522 5864 gantes
1537 5795 1601 5864 per
1617 5794 1741 5842 omnes
1756 5769 1844 5839 anni
1859 5782 1979 5861 partes
1992 5765 2178 5861 (qualibus
2189 5765 2389 5841 Mathema-

1587 5217 1649 5288 De
1683 5216 1917 5289 mensibus
1954 5215 2211 5309 Aegyptiis.
2240 5193 2243 5198 ι
