5534 6700
361 683 443 765 206
1016 682 1140 760 XCVI.
1201 681 1535 756 GRAMblATlCA
1566 681 1758 756 LATlNA.
2326 678 2403 762 206

363 877 435 920 nem
463 857 609 935 quandam
639 859 669 914 in
699 874 769 933 nos,
795 866 858 915 tum
880 866 962 915 serto
983 856 1110 933 quodam
1132 855 1252 913 consilio
1273 856 1434 914 connivere
1455 854 1603 913 interdum
1627 856 1722 914 Deum
1746 855 1783 913 ad
1805 855 1955 914 hominum
1977 856 2128 915 audaciam
2150 868 2180 914 et
2202 857 2334 935 scelera,
2363 872 2406 936 ut,

367 942 614 1024 quemadmodum
638 943 709 1000 dicit
729 942 827 1015 idem,
854 942 937 998 cuius
957 940 1047 1017 paulo
1068 951 1139 999 ante
1161 941 1296 1016 memini,
1325 940 1554 1020 Demosthenes,
1581 942 1635 999 sibi
1659 944 1688 998 in
1712 942 1944 1000 consideratione
1965 960 2096 1000 summae
2124 942 2292 1001 dementiae
2313 944 2407 1003 atbe-

365 1030 512 1089 nieusium
535 1044 626 1105 saepe
647 1027 770 1085 subiisse
793 1022 986 1105 φοβεῖσθαι
993 1067 1004 1099 ,
1032 1018 1078 1105 μή
1097 1042 1132 1085 τι
1153 1017 1334 1103 δαιμόνιον
1353 1018 1398 1083 τοὶ
1420 1020 1607 1106 πράγματα
1627 1022 1772 1116 ἐλαύνῃ,
1803 1028 1843 1084 ita
1865 1047 1916 1086 nos
1939 1038 2019 1085 certo
2042 1039 2201 1087 statuamus
2224 1027 2296 1085 haec
2318 1030 2407 1106 mala,
2497 1092 2501 1108 ι

365 1133 490 1193 quorum
513 1115 620 1190 partim
641 1111 761 1186 dolore,
799 1113 905 1188 partim
935 1123 1016 1170 metu
1046 1128 1237 1187 exercemur,
1272 1130 1330 1169 non
1352 1111 1482 1169 existere
1503 1111 1640 1188 fortuito,
1677 1113 1731 1171 sed
1753 1113 1840 1171 certis
1863 1112 1902 1171 de
1923 1113 2015 1170 causis
2036 1133 2054 1172 a
2076 1114 2140 1170 Deo
2163 1113 2277 1170 immitti
2303 1116 2408 1191 generi

364 1201 513 1268 humano,
535 1210 566 1255 et
587 1197 720 1274 permitti
740 1207 774 1254 ut
795 1194 947 1273 diabolus,
975 1205 1059 1253 autor
1079 1196 1295 1272 calamitatum,
1332 1195 1442 1254 saeviat
1467 1196 1624 1272 aliquando
1646 1198 1676 1253 in
1701 1199 1788 1256 terris
1810 1198 1975 1257 immanius.
2031 1200 2073 1256 Ae
2095 1216 2160 1255 cum
2182 1217 2236 1256 nos
2257 1200 2407 1276 cupiamus

366 1302 434 1346 esse
455 1286 486 1341 in
509 1301 610 1341 eorum
634 1299 773 1357 numero,
803 1281 854 1359 qui
876 1281 983 1341 Christi
1006 1281 1133 1358 primum
1154 1281 1263 1358 ipsius,
1295 1278 1406 1340 deinde
1427 1280 1633 1358 Apostolorum
1654 1284 1812 1360 praeconio
1834 1284 1985 1341 convocati
2014 1283 2118 1357 fuere,
2154 1292 2184 1341 et
2212 1301 2290 1340 nunc
2318 1284 2409 1343 etiam

366 1369 465 1430 verbis
486 1366 604 1426 illorum
627 1378 841 1440 convocantur,
869 1369 919 1445 qui
940 1378 986 1425 est
1006 1376 1105 1424 coetus
1127 1366 1309 1426 Christianus
1331 1373 1363 1424 et
1382 1366 1509 1425 ecclesia
1529 1366 1602 1442 Dei,
1630 1385 1690 1425 non
1713 1367 1844 1445 querelis
1867 1381 1897 1426 et
1920 1388 1972 1426 nos
1995 1381 2026 1426 et
2046 1369 2118 1427 alios
2140 1367 2323 1446 defatigare,
2354 1366 2408 1428 sed

365 1457 422 1515 boc
444 1471 536 1531 agere
558 1463 588 1511 et
609 1451 757 1531 perficere
779 1450 938 1530 debemus,
968 1463 1001 1509 ut
1023 1451 1178 1511 veritatem
1201 1449 1348 1527 colamus,
1370 1462 1402 1510 et
1425 1449 1515 1510 tidem
1537 1451 1601 1511 Deo
1623 1462 1824 1529 praestemus,
1860 1463 1890 1511 et
1919 1451 1990 1510 freti
2012 1453 2210 1512 misericordia
2232 1453 2310 1511 illius
2336 1472 2407 1512 con-

367 1541 504 1601 sistamus
535 1540 659 1616 quisque
686 1537 751 1595 loco
780 1556 849 1612 suo,
884 1555 943 1595 non
972 1537 1066 1595 solum
1089 1534 1223 1611 fortiter,
1258 1545 1397 1615 tauquam
1419 1536 1448 1595 in
1471 1539 1536 1596 acie
1556 1539 1734 1616 pugnaturi,
1768 1539 1793 1596 si
1815 1524 1938 1596 nedesse
1960 1539 2013 1613 sit,
2050 1539 2103 1596 sed
2126 1539 2296 1616 perpessuri
2318 1540 2415 1600 etiam,

367 1641 565 1706 quaecunque
584 1624 679 1681 oblata
701 1620 831 1699 fuerint,
860 1622 988 1681 scientes
1009 1622 1122 1699 Deum,
1152 1622 1202 1700 qui
1225 1631 1348 1700 propter
1370 1621 1463 1680 lilium
1487 1641 1540 1681 nos
1562 1623 1770 1681 benevolentia
1791 1640 1842 1681 sua
1873 1622 2044 1700 complexus
2071 1622 2144 1699 fuit,
2179 1642 2238 1680 uon
2270 1642 2357 1701 posse
2387 1640 2407 1681 a

367 1711 451 1770 nobis
473 1726 538 1767 esse
560 1704 704 1767 alienum:
732 1708 772 1768 Iit
791 1706 870 1766 huuc
891 1717 1132 1769 conservaturum
1154 1704 1271 1765 Christo
1294 1725 1346 1765 suo
1367 1709 1521 1785 proprium
1544 1719 1677 1785 coetum,
1713 1709 1742 1766 iu
1766 1729 1824 1786 quo
1846 1708 1937 1788 ipsius
1961 1708 2066 1767 caritas
2089 1717 2120 1766 et
2141 1709 2264 1784 merita,
2297 1727 2333 1766 ac
2353 1710 2408 1768 be·

368 1795 476 1854 neficia
497 1792 719 1852 inaestimabilia
742 1804 889 1872 perpetuo
910 1792 1136 1872 praedicentur,
1171 1802 1203 1849 et
1224 1791 1363 1850 laudetur
1383 1793 1449 1868 ipse
1470 1804 1556 1871 pater
1584 1794 1694 1851 domini
1722 1806 1754 1852 et
1784 1794 1946 1853 liberatoris
1976 1793 2067 1851 nostri
2089 1792 2155 1851 lesu
2179 1791 2305 1869 Christi,
2340 1812 2408 1852 cum

368 1893 468 1941 sancto
490 1879 603 1957 spiritu.
659 1878 715 1936 Hie
744 1895 845 1957 neque
875 1878 985 1937 durare
1013 1894 1112 1956 neque
1142 1876 1278 1935 constitui
1301 1877 1366 1935 sine
1388 1878 1547 1937 scolasticis
1568 1880 1776 1955 conventibus,
1812 1891 1843 1938 et
1863 1880 2002 1938 bonarum
2026 1879 2133 1937 artium
2155 1877 2271 1936 cultura
2293 1888 2407 1954 potest:

368 1966 560 2044 Quapropter
582 1964 660 2022 idem
681 1964 765 2022 Deus
785 1974 886 2022 noster
911 1965 999 2023 etiam
1022 1961 1125 2021 harum
1148 1979 1248 2020 curam
1270 1973 1374 2039 geret,
1401 1975 1432 2023 et
1453 1963 1605 2042 perficiet,
1628 1974 1661 2022 ut
1682 1964 1793 2043 aliquas
1816 1965 1904 2024 sedes
1924 1965 2070 2040 habeant,
2092 1965 2122 2020 in
2145 1962 2249 2040 quibus
2272 1962 2408 2021 exerceri

369 2056 459 2131 atque
481 2050 601 2108 tractari
623 2050 747 2127 possint.
795 2049 871 2108 Nam
894 2050 919 2108 si
941 2048 1011 2128 quid
1034 2058 1080 2107 est
1103 2048 1162 2108 sitii
1183 2048 1213 2105 iu
1236 2063 1286 2123 re,
1313 2046 1363 2106 rel
1385 2049 1410 2107 si
1432 2049 1482 2128 qui
1503 2049 1580 2107 docti
1601 2060 1652 2107 aut
1673 2067 1690 2108 a
1712 2051 1877 2128 cognitione
1900 2051 2065 2109 ethonore
2087 2048 2144 2107 Dei
2169 2064 2234 2106 sese
2257 2056 2407 2123 avertunt,

368 2146 421 2196 aut
443 2135 482 2195 ad
502 2136 657 2193 veritatem
687 2134 913 2214 oppugnandam
940 2142 1134 2210 convertunt,
1164 2133 1203 2192 de
1232 2133 1267 2190 iis
1296 2130 1434 2205 iudicium
1462 2134 1662 2213 relinquamus
1691 2127 1739 2216 τῷ
1765 2127 1859 2217 μόνῳ
1889 2125 2016 2214 ἀληθεῖ
2045 2131 2155 2221 κριτῇ,
2190 2149 2278 2210 quem
2306 2144 2407 2211 neque

368 2218 450 2281 fraus
474 2219 564 2278 ullius
585 2217 695 2278 fallere
717 2238 816 2300 neque
837 2220 1006 2298 improbitas
1029 2218 1165 2297 effugere
1186 2218 1312 2295 poterit,
1347 2229 1477 2277 nostrum
1509 2238 1579 2278 vero
1608 2221 1734 2300 quisque
1761 2220 1854 2279 veluti
1881 2222 1912 2278 in
1940 2221 2003 2279 acie
2024 2238 2059 2277 ac
2081 2220 2182 2279 castris
2204 2236 2287 2276 suum
2311 2220 2407 2276 locum

368 2318 473 2366 teneat
494 2315 525 2362 et
547 2317 712 2382 exequatur
733 2324 839 2363 munus
860 2324 955 2363 suum.
998 2303 1111 2364 Omnes
1133 2314 1232 2363 autem
1253 2319 1307 2380 spe
1328 2315 1411 2363 certa
1432 2324 1485 2362 uos
1507 2316 1706 2366 sustentemus
1726 2307 1832 2365 amoris
1853 2307 1911 2365 Dei
1932 2324 2005 2383 erga
2026 2324 2095 2382 nos,
2117 2314 2241 2383 propter
2258 2302 2408 2361 Christum

367 2394 423 2470 qui
446 2390 527 2447 seuit
548 2391 577 2444 in
601 2389 680 2445 hunc
700 2390 857 2463 mundum,
887 2400 919 2448 ut
939 2388 1087 2448 deformes
1108 2389 1237 2465 peccatis
1260 2398 1290 2445 et
1312 2389 1473 2448 sceleribus
1498 2391 1628 2467 pollutos
1650 2403 1681 2449 et
1703 2388 1821 2469 flagitiis
1842 2392 2006 2470 inquinatos
2029 2390 2165 2449 ablueret
2186 2401 2217 2446 et
2239 2386 2406 2446 mundaret.

366 2478 406 2533 ln
430 2474 516 2533 huius
537 2473 626 2550 igitur
648 2471 727 2548 fide,
756 2472 826 2547 illa,
854 2490 942 2551 quam
964 2473 1042 2550 dixi,
1069 2490 1123 2549 spe
1145 2490 1198 2529 nos
1221 2472 1407 2530 consolemur
1429 2484 1461 2531 et
1482 2475 1618 2551 precibus
1642 2474 1840 2534 incumbamus
1861 2478 2031 2555 invocantes
2053 2495 2140 2556 opem
2161 2474 2217 2532 Dei
2241 2474 2348 2548 nostri,
2375 2473 2405 2531 iu

366 2559 418 2617 his
441 2557 641 2616 communibus
664 2558 754 2617 tantis
775 2556 898 2615 miseriis
919 2568 949 2616 et
970 2558 1118 2616 aerumnis
1139 2557 1266 2634 propriis
1288 2558 1404 2615 nostris.
1446 2556 1638 2635 Nequaquam
1662 2573 1760 2618 autern
1783 2562 1984 2620 existimemus
2005 2563 2034 2619 in
2058 2561 2219 2620 studiorum
2241 2563 2407 2616 nostrorum

371 2643 462 2704 etiam
485 2641 614 2700 exordiis
637 2653 669 2699 et
690 2644 792 2719 primis
812 2643 970 2702 elementis
992 2643 1117 2716 versari,
1146 2651 1196 2699 aut
1218 2641 1282 2698 Deo
1305 2642 1402 2699 minus
1422 2650 1537 2719 gratum
1556 2652 1608 2700 aut
1628 2643 1711 2703 nobis
1732 2644 1918 2702 inhonestum
1942 2663 2019 2704 esse.
2069 2647 2129 2702 lmo
2151 2646 2225 2702 haec
2248 2645 2311 2722 ipsa
2335 2643 2406 2700 fuu—
2445 2675 2451 2691 ·

371 2731 513 2788 dameuta
534 2726 664 2784 fideliter
687 2739 718 2785 et
740 2726 1089 2802 accurate-collocemus,
1123 2743 1215 2802 super
1236 2726 1341 2804 quibus
1363 2726 1521 2804 aliquando
1546 2727 1679 2786 aedificia
1701 2731 1853 2806 praeclara
1875 2731 2024 2787 doctrinae
2048 2739 2239 2802 extruantur,
2277 2738 2310 2785 ut
2331 2744 2407 2804 puer

371 2813 463 2893 possit
485 2808 658 2889 perdiscere
681 2828 734 2887 ea,
760 2812 865 2888 quibus
886 2802 964 2887 μετ’
987 2801 1101 2886 ὀλίγον
1122 2800 1205 2889 ἀνὴρ
1226 2805 1408 2886 γενόμενος
1429 2824 1544 2887 utatur,
1573 2831 1631 2871 neu
1655 2815 1785 2892 requirat
1807 2827 1884 2889 tum,
1906 2826 1938 2872 ut
1960 2813 2059 2872 multis
2079 2812 2199 2888 accidit,
2222 2813 2305 2890 quasi
2325 2805 2407 2890 ἑφό-

371 2893 447 2959 διον
468 2897 617 2955 doctrinae
640 2913 705 2953 cum
727 2897 758 2953 iu
780 2896 876 2954 medio
903 2897 958 2952 iam
987 2897 1096 2953 itinere
1124 2898 1302 2956 versabitur.
1359 2896 1462 2973 ltaque
1490 2913 1589 2974 neque
1617 2917 1665 2957 me
1694 2899 1790 2976 piguit
1817 2900 1945 2977 puerilia
1971 2899 2068 2957 studia
2096 2901 2183 2957 etiarn
2213 2897 2409 2974 grammaticis

370 2981 641 3064 praecaptiunculis
662 2981 827 3055 iustruere,
855 2997 954 3057 neque
975 2980 1054 3037 illius
1073 2997 1182 3055 operae
1204 2980 1307 3057 pudet.
1351 2981 1419 3038 Tibi
1439 2980 1557 3059 quidem
1587 3000 1642 3061 ago
1672 2984 1797 3060 gratias,
1830 3003 1895 3042 cum
1925 3002 2006 3042 meos
2036 2983 2153 3042 libellos
2175 2981 2225 3039 edi
2246 2998 2345 3059 curas,
2375 2988 2408 3038 et

371 3070 581 3128 dexteritatem
600 3064 814 3142 chalcographi
836 3068 925 3123 vestri
948 3077 997 3123 tua
1018 3065 1161 3123 industria
1185 3065 1315 3126 adiuvas.
1363 3066 1470 3143 Neque
1491 3067 1649 3125 admodum
1672 3068 1786 3143 laboro,
1823 3083 1921 3126 utrum
1942 3068 2049 3127 iudicio
2070 3085 2142 3127 vero
2163 3085 2202 3125 an
2223 3067 2408 3125 benevolen-

372 3157 413 3216 tia
433 3164 549 3213 tantum
570 3151 643 3209 mihi
662 3151 792 3225 tribuas,
813 3168 913 3228 neque
934 3151 1024 3208 facile
1045 3151 1166 3228 dixero,
1189 3162 1287 3209 utrum
1310 3153 1451 3209 maiorem
1475 3152 1543 3210 mihi
1565 3151 1744 3232 voluptatem
1766 3154 1925 3213 allaturum
1947 3171 2014 3213 esse
2035 3154 2180 3235 rideatur.
2223 3152 2298 3230 Legi
2317 3153 2407 3213 etiam

372 3256 469 3318 nuper
491 3238 647 3315 epistolam
669 3249 767 3311 tuam,
801 3252 889 3314 quam
912 3236 1013 3295 libello
1034 3246 1134 3294 nostro
1156 3237 1369 3295 Grammaticos
1389 3237 1525 3295 Graecae
1546 3241 1691 3316 praeponi
1713 3240 1848 3313 voluisti,
1878 3241 2016 3318 scriptam
2038 3240 2192 3317 perbelle,
2223 3250 2315 3316 atque
2336 3235 2408 3294 mihi

373 3325 462 3386 ualde
486 3324 596 3401 placuit
617 3323 776 3382 voluntatis
797 3332 867 3380 tuae
888 3323 1051 3380 constantia
1071 3339 1144 3399 erga
1163 3320 1242 3381 hane
1262 3333 1395 3401 partem,
1418 3339 1496 3401 quse
1516 3327 1712 3384 contemuitur
1733 3336 1765 3384 et
1787 3327 1871 3403 parri
1897 3325 1930 3384 fit
1951 3344 1968 3384 a
1989 3325 2133 3403 plurimis.
2177 3324 2265 3382 Nunc
2286 3322 2407 3400 quidem

373 3411 451 3491 quod
474 3410 551 3487 petis
573 3420 605 3466 ut
627 3409 771 3485 obsequar
793 3407 937 3465 desiderio
957 3408 1056 3484 Papae
1077 3421 1107 3465 et
1130 3408 1181 3465 tibi
1203 3409 1367 3485 gratificer,
1405 3408 1433 3464 in
1456 3425 1492 3466 eo
1515 3423 1547 3467 et
1570 3409 1696 3469 libenter
1718 3423 1749 3469 et
1771 3412 1879 3489 cupide
1901 3429 2013 3469 morem
2036 3413 2086 3469 tibi
2108 3429 2227 3488 geram,
2254 3411 2313 3466 imo
2334 3424 2407 3484 per·

372 3498 457 3556 mitto
480 3505 577 3553 vestro
599 3494 719 3553 arbitrio
741 3503 830 3550 totam
855 3492 1015 3550 editionem
1038 3492 1131 3550 libelli
1153 3494 1228 3571 mei,
1256 3493 1294 3551 de
1316 3512 1374 3571 quo
1397 3495 1536 3572 quicquid
1558 3498 1692 3574 egeritis,
1728 3496 1759 3553 id
1788 3497 1898 3573 recipio
1927 3514 1974 3553 me
2004 3506 2100 3552 ratum
2124 3497 2299 3570 firmumque
2321 3493 2406 3549 habi-

373 3597 491 3654 turum,
519 3581 695 3657 ueletiam,
725 3591 756 3637 ut
778 3564 1015 3657 ἁπλούστερον
1035 3577 1146 3653 dicam,
1175 3596 1354 3656 magnopere
1376 3589 1407 3636 et
1428 3595 1483 3655 per
1505 3581 1600 3637 omnia
1630 3583 1818 3656 probaturum
1850 3598 1926 3638 esse.
1982 3583 2024 3636 Ac
2054 3597 2102 3637 me
2131 3598 2196 3637 curn
2226 3578 2281 3635 hoc
2309 3577 2405 3634 studio

374 3677 473 3727 restro
494 3665 592 3723 ornari
613 3672 742 3737 constet,
772 3664 850 3743 quod
872 3673 933 3721 tarn
954 3664 1066 3722 solicite
1089 3675 1209 3740 peteres
1236 3664 1352 3722 reniam
1378 3664 1517 3722 editionis
1546 3663 1621 3720 nihil
1651 3677 1726 3724 erat.
1761 3666 1826 3744 quis
1854 3666 1932 3722 enirn
1963 3677 2026 3739 est,
2061 3665 2112 3743 qui
2140 3664 2232 3722 soleat
2260 3659 2405 3739 refragari

373 3753 478 3813 bosori
507 3745 582 3830 suoi
618 3742 728 3810 ἔνεστι
754 3744 819 3831 reip
848 3742 889 3829 Oq*
916 3737 980 3807 κᾶν
1008 3745 1105 3816 θεῶν
1131 3746 1222 3823 rerer
1249 3742 1345 3823 ride,
1376 3741 1561 3824 τιμώμενοι
1580 3746 1752 3829 χαίρουσι,
1788 3750 1949 3808 secundum
1972 3744 2129 3829 σκηνικὸν
2152 3740 2349 3830 φιλόσοφον
2364 3742 2406 3824 *).

373 3831 447 3899 Ssd'
464 3836 503 3897 de
530 3833 577 3894 bis
609 3838 687 3894 satis.
736 3835 845 3913 Scripsi
873 3847 972 3895 autem
1001 3844 1032 3893 et
1053 3834 1168 3911 Papae,
1206 3846 1238 3892 ut
1267 3833 1643 3897 cumulatesatislacerem
1674 3836 1817 3893 voluntati
1846 3846 1970 3896 restrae.
2019 3835 2115 3895 Etiam
2145 3836 2332 3910 dubitabam,
2366 3850 2404 3889 an
2517 3847 2524 3856 ’

375 3934 576 4005 perventurae
604 3932 705 3981 esseut
731 3923 804 3980 istuc
832 3923 937 3981 literae
965 3937 1049 3980 meae
1076 3928 1147 3978 aute
1175 3920 1381 3979 discessionem
1410 3931 1508 3994 tuam,
1547 3922 1602 3978 etsi
1631 3938 1713 3979 eram
1733 3921 1763 3979 iu
1787 3937 1823 3978 ea
1845 3923 1983 4001 opinione
2005 3934 2035 3981 te
2057 3922 2174 3980 omnino
2196 3918 2405 3978 Bullorhodum

373 4021 618 4089 expectaturum,
640 4023 739 4085 neque
760 4007 823 4065 sine
845 4007 896 4065 illo
920 4007 965 4065 rel
987 4006 1079 4079 duce,
1101 4004 1148 4063 rel
1170 4006 1276 4063 comite
1297 4006 1354 4063 iter
1375 4004 1454 4064 istud
1476 4006 1674 4084 ingressurum
1697 4023 1778 4081 esse,
1806 4006 1844 4064 ad
1868 4007 1944 4085 quod
1968 4008 2088 4085 quidem
2109 4006 2186 4084 quod
2209 4006 2330 4077 attinet,
2352 4021 2405 4058 cu-

372 4098 422 4176 pio
444 4108 474 4155 te
497 4095 626 4154 feliciter
648 4092 700 4150 illo
722 4091 857 4151 confecto
878 4110 965 4171 qnam
986 4093 1113 4170 primum
1135 4091 1234 4150 redire
1256 4091 1294 4149 ad
1316 4100 1398 4166 tuos,
1426 4088 1483 4148 καὶ
1505 4085 1591 4170 πρὸς
1612 4086 1672 4171 τὴν
1693 4086 1919 4171 σχολαστικῆν
1939 4087 2175 4171 παλαίστραν,
2204 4091 2285 4146 euius
2307 4087 2405 4164 humi-

372 4183 457 4240 litate
479 4193 510 4239 et
531 4181 659 4257 puluere
681 4180 739 4236 scio
762 4196 860 4257 neque
883 4179 1092 4256 praestantiam
1114 4194 1212 4255 neque
1234 4176 1424 4253 splendorem
1448 4176 1538 4234 ullum
1569 4196 1634 4236 esse
1663 4180 1806 4256 potiorem
1834 4179 1930 4235 animo
1961 4188 2022 4237 tuo.
2080 4178 2160 4234 Deus
2182 4185 2268 4253 pater
2289 4171 2406 4230 Domini

372 4267 465 4326 nostri
487 4266 553 4325 lesu
575 4262 685 4322 Christi
706 4275 737 4321 te
759 4263 912 4321 custodiat.
953 4263 1039 4323 Vale.
1081 4263 1178 4321 Tuam
1199 4260 1340 4320 familiam
1361 4263 1527 4322 universam
1551 4273 1685 4321 amanter
1705 4264 1809 4321 saluto.
1860 4262 1966 4320 Comes
1993 4276 2092 4321 noster
2119 4262 2150 4318 in
2178 4259 2275 4317 animo
2297 4257 2406 4316 babeat

372 4353 549 4411 sententian
570 4349 803 4425 aristotelicam,
839 4336 890 4408 ὅτι
913 4335 932 4405 ὅ
958 4341 1134 4430 διαφέρων
1162 4340 1284 4425 ἐξόχως
1304 4337 1407 4428 ἀρετῇ
1428 4340 1497 4406 τῶν
1518 4337 1651 4424 ἄλλων,
1686 4343 1782 4408 ἐστὶν
1803 4334 1913 4429 ὥςπερ
1936 4341 2021 4417 θεὸς
2042 4343 2080 4409 ἐν
2103 4336 2319 4428 ἀνθρώποις,
2347 4359 2406 4418 quo

373 4436 469 4512 mag'u
488 4447 564 4494 amet
585 4433 768 4512 disciplinam
790 4444 821 4493 et
843 4434 952 4512 gratias
974 4446 1042 4512 agat
1063 4434 1145 4509 Deo,
1165 4453 1232 4492 cum
1254 4434 1367 4511 copiam
1388 4413 1445 4510 ipsi
1466 4431 1538 4491 fecit
1559 4433 1721 4510 euadendi,
1756 4425 1811 4502 cic·
1827 4428 1915 4506 ζῶον
1935 4427 2136 4509 θειότατον,
2169 4425 2302 4508 τυχόντι
2325 4429 2411 4485 παι-Ι

375 4513 474 4588 δείας
491 4512 609 4601 ὀρθῆς,
637 4529 671 4578 ut
692 4521 733 4580 ait
753 4517 908 4599 Plato”).
952 4515 1064 4579 lterum
1086 4520 1162 4579 sale.
1194 4519 1261 4577 XV.
1280 4518 1343 4577 Cal.
1366 4518 1559 4594 Novembris,
1586 4518 1616 4576 id
1638 4530 1699 4596 est,
1720 4519 1816 4578 altero
1837 4520 1887 4578 die
1908 4532 2064 4600 postquam
2087 4530 2151 4578 tuas
2171 4533 2355 4593 acceperam.

538 4687 736 4772 ¹Philippus
758 4685 998 4751 Melambion
1020 4685 1153 4749 ίιοιιιιιο
1181 4684 1264 4751 Viro
1287 4669 1468 4749 'rumano
1489 4684 1610 4767 Papus
1634 4684 1892 4767 Chulcogrupho
1913 4686 2092 4768 Lipserssi,
2122 4684 2158 4746 S.
2180 4683 2225 4745 D.

506 4810 684 4889 significarit
707 4813 776 4871 mibi
800 4809 959 4871 loacbimus
980 4810 1181 4887 Camerarius,
1219 4809 1266 4868 cui
1287 4819 1366 4867 tuum
1396 4808 1565 4888 diligentiae
1592 4821 1625 4868 et
1653 4812 1814 4870 industriae
1843 4827 1963 4887 operarn
1995 4809 2084 4867 valde
2111 4807 2230 4885 probari
2258 4803 2405 4878 intellexi,

371 4901 418 4960 Te
442 4911 556 4977 cupere
576 4896 631 4966 hoc
652 4909 786 4977 tempore
808 4899 946 4957 emittere
967 4899 996 4956 in
1026 4896 1142 4955 officina
1171 4909 1224 4955 tua
1252 4893 1431 4953 elaboratum
1461 4895 1594 4955 libellum
1616 4895 1832 4956 Grammaticus
1853 4896 1981 4954 Latinae
2011 4911 2127 4969 meum,
2164 4893 2204 4950 ita
2233 4889 2353 4968 quidem
2381 4889 2405 4946 si

373 4985 430 5043 hoc
450 4983 521 5041 mihi
542 4973 601 5041 riou
623 4983 799 5044 contrarium
821 4982 953 5042 futurum
974 4983 1020 5041 sit.
1064 4979 1128 5060 Ego
1151 4997 1238 5054 sero,
1274 4980 1329 5038 etsi
1350 4999 1404 5058 pro
1427 4998 1463 5040 ea
1484 4982 1624 5058 amicitia,
1660 5000 1737 5061 quae
1765 4980 1837 5049 mihi
1865 4999 1930 5039 cum
1954 4976 2098 5038 loacbimo
2127 4990 2170 5037 tot
2198 4976 2282 5036 anuis
2310 4977 2405 5031 iuter-

374 5065 470 5146 ce'dit‚
499 5069 638 5148 quicquid
661 5067 700 5128 de
721 5069 802 5128 illius
823 5069 942 5129 consilio
957 5067 1102 5143 fecisses,
1129 5065 1245 5125 fueram
1267 5064 1522 5142 comprobaturus,
1556 5078 1606 5126 tua
1634 5079 1733 5127 tamen
1763 5067 1962 5126 moderatione
1984 5084 2048 5125 sucu
2078 5064 2258 5123 delectatus:
2296 5062 2405 5137 Neque

372 5155 425 5213 tibi
447 5153 540 5212 solum
563 5154 691 5213 libenter
712 5153 870 5232 permitto,
900 5166 932 5211 ut
953 5153 1033 5211 hunc
1056 5152 1188 5209 libellum
1211 5167 1310 5208 meum
1330 5148 1418 5227 edas,
1445 5152 1497 5211 sed
1519 5171 1584 5210 cum
1606 5154 1677 5211 alios
1701 5171 1782 5212 meos
1805 5154 1862 5210 iam
1884 5150 2043 5229 tuis'typis
2066 5149 2254 5229 expressisti,
2276 5164 2331 5223 ago
2355 5143 2407 5201 tibi

373 5240 498 5317 gratias,
525 5250 616 5317 atque
638 5241 661 5296 si
684 5252 788 5318 potero
808 5239 947 5297 adiurare
968 5250 1088 5297 conatus
1110 5248 1191 5315 tuos,
1219 5256 1276 5293 non
1300 5235 1396 5313 patiar
1418 5237 1526 5314 requiri
1549 5239 1677 5297 studium
1700 5257 1808 5298 meum.
1860 5239 1937 5305 Quin
1960 5238 2049 5296 etiam
2072 5236 2252 5314 prooemium
2276 5251 2333 5289 nou
2357 5244 2407 5285 re-

373 5325 550 5383 samareus
573 5326 721 5401 scribere,
748 5325 773 5383 si
793 5323 945 5403 paululum
969 5325 1054 5382 modo
1077 5321 1127 5382 otil
1149 5320 1406 5401 suppeditavisset.
1458 5321 1532 5379 Nam
1561 5341 1617 5400 ego
1646 5323 1702 5382 hoc
1731 5337 1866 5403 tempore
1897 5324 2033 5401 gravibus
2062 5335 2092 5380 et
2121 5318 2251 5377 molestis
2281 5314 2407 5393 negotiis

373 5425 439 5467 saur
460 5410 709 5488 occupatissimus.
752 5409 849 5469 Velim
873 5428 890 5467 a
913 5410 1056 5468 loacbimo
1077 5407 1188 5486 aliquid
1211 5408 1324 5470 scribi.¹
1350 5404 1413 5465 asa
1434 5406 1472 5466 de
1494 5405 1540 5467 his
1560 5427 1611 5467 ros
1632 5410 1785 5486 statuetis,
1815 5407 1955 5488 quicquid
1977 5419 2075 5466 autern
2096 5405 2246 5480 feceritis,
2282 5401 2408 5460 boemo

374 5511 433 5578 uon
446 5494 548 5553 solum
573 5497 781 5572 probaturam,
809 5496 862 5555 sed
884 5508 998 5573 gratum
1022 5497 1109 5553 etiam
1133 5506 1164 5552 et
1184 5506 1337 5570 acceptum
1359 5489 1527 5551 habiturum
1550 5511 1615 5552 esse
1637 5494 1797 5572 polliceor,
1830 5493 1917 5553 Vale.
1951 5494 2018 5553 XV.
2039 5493 2164 5552 Caland.
2188 5487 2373 5548 Novembris.

411 5834 446 5893 *)
461 5834 586 5898 Euripid.
606 5835 713 5899 llippol.
731 5836 757 5885 8.
1565 5901 1569 5912 ¹

411 5934 463 6001 *et
480 5937 561 5990 ussr.
578 5938 687 5993 naas.
704 5939 790 6002 segg.
806 5936 852 5991 vr.
878 5935 962 6000 (opp.
981 5936 1030 5986 rs.
1052 5937 1083 5986 u.
1102 5917 1193 5999 sisai.
1212 5933 1277 5986 vor.
1289 5915 1335 5985 ln.
1353 5915 1455 5997 'aare
1472 5927 1545 5994 aa:
