5534 6700
362 610 454 693 atr:
984 593 1613 709 ‚murreumraauvom
1637 591 1765 667 1-u
2321 596 2407 670 sce:

359 781 484 864 attulit
503 781 666 875 &usibus
691 800 772 852 eam
789 776 1054 863 maturitatem,
1079 788 1121 846 ut
1135 772 1268 844 demeti
1281 772 1355 842 iam
1409 795 1490 841 mos
1510 767 1586 839 dies
1601 765 1724 837 Martii
1748 765 1957 859 attingeret,
1981 782 2018 839 et
2037 792 2122 839 raro
2144 769 2329 853 accidisse,
2356 781 2400 840 nt

361 885 560 984 potuerint.
611 883 691 957 Etsi
712 882 809 953 enim
831 880 971 951 coelum
997 880 1036 949 in
1057 877 1262 950 Palaestina
1287 874 1357 945 cle·
1408 876 1498 945 dnos
1511 873 1623 941 ferme
1640 869 1765 940 tertias
1779 881 1900 962 partes
1916 872 2049 944 mensis
2057 871 2181 942 Martii
2196 884 2400 963 occuparet,

363 989 520 1062 mentius
538 998 614 1070 est,
645 1009 755 1080 quam
778 983 817 1053 in
846 978 904 1053 lais
924 980 1031 1065 locis,
1062 992 1099 1051 et
1118 979 1220 1071 regio
1240 977 1355 1048 multo
1409 976 1507 1071 quod
1551 987 1627 1042 tum
1669 973 1815 1041 demum
1855 972 1982 1059 fiebat,
2023 975 2170 1068 qnando
2212 973 2404 1049 celebritas.

365 1091 537 1173 calidior,
571 1100 720 1180 propter
750 1085 828 1178 poli
844 1083 978 1155 Arctici
1001 1084 1289 1175 depressionem,
1321 1092 1356 1149 et
1407 1071 1775 1148 Paschatimadehat
1813 1073 1853 1142 in
1883 1073 2003 1166 ipsum
2036 1077 2132 1147 diem
2166 1075 2405 1171 aequinoctii·

362 1190 579 1288 Aequatoris
594 1188 850 1272 elevationem,
875 1186 939 1281 qui
957 1187 1004 1256 ab
1017 1184 1353 1277 Hierosolymorum
1408 1180 1514 1250 Tunc
1539 1177 1635 1246 enim
1660 1175 1908 1261 novilunium,
1933 1181 2032 1272 quod
2053 1179 2212 1273 primum
2238 1183 2400 1251 medse'm

363 1295 496 1367 vertice
511 1295 611 1363 abest
626 1293 737 1385 paulo
750 1289 893 1381 longius
915 1288 1084 1380 gradibus
1098 1285 1245 1377 triginta
1261 1307 1354 1355 uno:
1408 1277 1620 1362 inchoabat,
1649 1278 1920 1372 quatuordecim
1937 1281 2063 1354 diebm
2084 1283 2320 1374 praecedens,
2345 1292 2400 1351 at·

362 1411 485 1469 umen
507 1408 649 1486 tempus
668 1395 885 1486 praecedens
900 1390 1167 1485 aequinoctium
1192 1387 1299 1457 etiam
1316 1385 1356 1453 in
1408 1383 1489 1475 tigit
1513 1381 1766 1452 duodecimum
1790 1381 1885 1450 diem
1908 1382 2045 1455 Martii.
2095 1381 2208 1479 idque
2230 1383 2399 1455 accidisse
2437 1404 2439 1408 ·

364 1500 434 1571 illis
448 1497 535 1568 locis
552 1493 670 1566 adbuc
684 1495 846 1588 asperius
862 1506 928 1577 est,
945 1517 1054 1587 quam
1071 1504 1111 1562 nt
1130 1486 1357 1560 maturandis
1409 1484 1632 1556 existimatur
1653 1507 1696 1553 eo
1728 1507 1846 1566 anno,
1880 1509 1953 1579 qno
1981 1482 2144 1559 Christus
2176 1499 2230 1558 cst
2262 1510 2400 1580 passus.

364 1614 401 1674 ct
413 1597 674 1694 percoquendis
690 1596 853 1689 irugibus
873 1595 920 1668 sit
939 1595 1129 1676 idoneum,
1154 1594 1252 1686 quod
1278 1590 1357 1684 qui·
1408 1589 1501 1661 Nam
1516 1586 1678 1657 scribunt
1701 1585 1814 1681 aliqui
1829 1584 2066 1660 Ecclesiastici
2085 1591 2270 1675 doctores,
2296 1585 2401 1660 Chri·

363 1707 448 1776 dem
465 1703 516 1772 ita
529 1725 604 1772 esse
622 1699 835 1791 Evangelica
858 1694 1008 1768 historia
1031 1689 1201 1779 testatur,
1226 1694 1354 1787 inqua
1408 1704 1503 1762 stum
1526 1689 1651 1758 eodem
1675 1687 1732 1757 die
1746 1688 1917 1760 vicesimo
1938 1689 2067 1784 quinto
2081 1692 2207 1761 Martii
2216 1705 2258 1762 iet
2271 1687 2400 1763 huma·

363 1807 535 1898 legimus,
566 1804 644 1887 die,
684 1828 756 1897 quo
785 1813 909 1893 captus
940 1811 993 1870 est
1024 1798 1190 1869 Salvator
1221 1808 1356 1877 noster,
1409 1816 1494 1861 narn
1526 1803 1694 1860 naturam
1728 1790 1766 1858 in
1799 1803 1903 1861 utero
1929 1792 2080 1884 virginis
2102 1794 2243 1865 Mariae
2264 1819 2401 1867 assum·

363 1907 545 1979 mediocre
566 1906 679 1996 frigus
692 1905 818 1986 luisse,
842 1903 954 1985 adeo,
979 1912 1021 1970 ut
1036 1924 1126 1992 opus
1138 1898 1248 1968 fuerit
1263 1896 1357 1965 mili·
1410 1896 1541 1986 psisse,
1567 1905 1602 1962 et
1616 1905 1740 1983 postea
1756 1892 1937 1965 tricesimo
1956 1908 2086 1989 quarto
2094 1896 2143 1990 ¹¹)
2166 1920 2263 1967 anno
2287 1897 2400 1967 cruci-

364 2010 460 2081 tibus
474 2007 730 2079 excubantibus
751 2005 790 2074 in
804 2003 980 2079 vestibulo
996 2003 1125 2072 domus
1141 1998 1357 2092 pontificiae,
1408 2000 1518 2067 fisum
1536 2008 1572 2064 et
1586 1995 1765 2086 sepultum
1782 2019 1878 2080 esse,
1905 2021 1978 2091 quo
1999 1997 2058 2068 die
2072 1994 2191 2069 adbuc
2206 1999 2402 2095 quotannis

364 2123 525 2183 exaucto
553 2111 634 2179 ioco
665 2108 705 2176 in
733 2106 827 2176 atrio
858 2105 1020 2176 membra
1047 2105 1096 2172 ad
1124 2105 1244 2194 ignem
1267 2101 1358 2171 cale·
1408 2097 1566 2170 Ecclesia
1589 2097 1743 2166 celebrat
1758 2100 1971 2169 memoriam
1996 2101 2240 2193 conceptionis
2254 2098 2402 2175 Christi·

363 2216 493 2285 facere,
964 2248 967 2253 -
1512 2200 1582 2269 Sed
1601 2199 1685 2294 qnia
1702 2195 1772 2269 hoc
1787 2224 1872 2270 raro
1895 2203 2022 2287 tiebat,
2048 2205 2159 2274 tutius
2182 2218 2235 2277 est
2258 2219 2295 2276 et
2316 2229 2402 2276 con-

467 2311 685 2383 Existimant
699 2321 819 2380 autem
843 2307 1005 2401 plerique
1026 2305 1219 2397 scriptores
1237 2303 1358 2374 Ecclc·
1411 2302 1630 2382 venientius,
1655 2326 1721 2373 nos
1736 2301 1832 2373 iuxta
1848 2303 1907 2388 id,
1933 2307 2031 2400 quod
2044 2306 2251 2400 frequenter
2267 2320 2303 2378 et
2321 2308 2402 2401 plu·

365 2414 519 2498 siastici,
558 2410 740 2484 Christum
768 2436 842 2482 esse
871 2433 1015 2502 passum
1048 2407 1106 2477 die
1139 2405 1365 2502 aequinoctii¹
1411 2406 1542 2476 timum
1569 2404 1707 2474 solebat
1726 2407 1888 2490 evenire,
1921 2406 2079 2499 primum
2107 2432 2265 2482 mensem
2287 2408 2402 2483 Nisan

366 2516 482 2589 verni.
515 2515 638 2608 Quare
654 2538 729 2585 non
741 2535 890 2606 prorsus
903 2510 1096 2608 quadrabit
1106 2510 1246 2603 primus
1259 2532 1359 2577 men·
1410 2509 1544 2578 referre
1570 2508 1616 2575 ad
1643 2506 1804 2599 Aprilem
1835 2521 2019 2594 nostrum,
2058 2511 2179 2602 potius
2209 2536 2318 2608 quam
2354 2513 2402 2582 ad

366 2620 415 2692 sis
427 2618 652 2690 Ebraeorum
668 2618 715 2686 ad
729 2628 893 2687 nostrum
911 2613 1098 2696 Martium,
1112 2615 1177 2708 qui
1192 2612 1255 2681 illo
1270 2623 1359 2680 tem·
1410 2609 1605 2692 Martium,
1644 2611 1742 2702 quod
1777 2609 1933 2683 etiama
1966 2613 2132 2704 plurimis
2166 2615 2402 2707 scriptoribus

366 2745 457 2815 porc
479 2720 637 2791 maxima
658 2742 722 2790 sua
739 2730 843 2810 parte
867 2716 1134 2811 aequinoctium
1156 2712 1360 2808 praecessit,
1410 2710 1663 2783 Ecclesiasticis
1693 2735 1768 2782 esse
1789 2713 1941 2799 iactum,
1972 2715 2095 2786 multis
2116 2717 2279 2811 ipsorum
2303 2716 2402 2789 testi-

368 2836 404 2893 et
424 2817 546 2917 hyemi
564 2821 718 2891 vicinior
743 2820 833 2904 fuit,
865 2842 931 2890 nec
947 2817 1171 2889 maturandis
1196 2816 1359 2908 frugibus
1411 2813 1542 2884 moniis
1556 2825 1677 2905 posset
1691 2813 1843 2884 ostendi.

367 2946 510 3016 semper
524 2924 687 2994 idoneus.
1513 2915 1569 2985 Sit
1598 2915 1709 3005 igitur
1738 2911 1859 2987 erbis
1885 2918 2108 3006 rationibus,
2144 2934 2181 2992 ct
2200 2923 2399 2993 multorum

469 3026 539 3096 Sed
554 3021 625 3093 hoc
639 3024 753 3093 multo
768 3022 899 3094 clarius
913 3023 1017 3091 docet
1034 3019 1255 3115 aequinoctii
1270 3031 1360 3089 tem·
1411 3019 1627 3110 scriptorum
1650 3017 1864 3089 testimoniis
1888 3019 1998 3113 (quae
2020 3017 2089 3092 hoc
2108 3024 2189 3094 loco
2211 3025 2398 3098 brevitatis

367 3152 454 3220 pus,
481 3127 579 3219 quod
595 3126 693 3195 iusta
706 3123 883 3195 lulianam
900 3122 1159 3194 correctionem
1176 3121 1283 3205 anm,
1309 3134 1360 3190 te-
1412 3143 1517 3191 causa
1534 3119 1750 3216 omittimus)
1773 3119 1965 3192 nobishoc
1986 3147 2215 3214 persuasum,
2240 3127 2401 3219 primum

367 3229 477 3298 nebat
494 3240 579 3296 tunc
593 3227 800 3296 vicesimum
817 3225 984 3319 quintum
1002 3224 1097 3294 diem
1114 3224 1251 3307 Martii,
1272 3247 1361 3308 non,
1413 3246 1570 3292 mensem
1597 3219 1822 3292 Ebraeorum
1839 3223 1973 3309 Nisan,
2000 3227 2086 3296 olim
2110 3230 2335 3321 respondisse
2359 3242 2402 3300 ut

369 3344 412 3402 ut
429 3354 537 3414 nunc,
554 3327 732 3399 decimum
747 3327 904 3399 eiusdem
925 3326 1068 3397 mensis.
1106 3326 1222 3398 Causa
1239 3338 1359 3396 autem
1412 3325 1609 3418 plurimum
1624 3325 1762 3417 Aprili,
1782 3329 1976 3398 secundum
2000 3355 2160 3402 mensem
2180 3329 2253 3401 liar
2273 3344 2400 3405 nostro

367 3429 477 3504 huius
503 3431 733 3515 mutationis,
770 3455 841 3524 qua
872 3428 1099 3524 aequinoctia
1128 3453 1149 3498 a
1174 3427 1247 3499 suis
1273 3428 1360 3498 locis
1413 3429 1530 3510 Maio,
1558 3439 1593 3495 et
1605 3427 1656 3498 sic
1668 3429 1826 3522 reliquos
1846 3455 1912 3500 suo
1927 3432 2053 3502 ordine
2067 3435 2245 3527 deinceps.
2365 3479 2368 3490 ·

370 3535 529 3617 dimota,
552 3536 598 3604 ad
615 3533 717 3602 initia
732 3532 908 3603 mensium
926 3542 1175 3612 recurrerunt,
1200 3529 1286 3599 alibi
1302 3553 1361 3599 co·
1512 3530 1585 3599 Sed·
1597 3530 1680 3623 quia
1696 3531 1849 3599 libenter
1865 3533 2044 3604 credimus
2059 3534 2146 3621 illis,
2163 3538 2227 3632 qui
2240 3537 2402 3608 scribunt

370 3638 471 3729 pinse
489 3637 704 3706 declaratur.
1413 3634 1539 3701 eodem
1563 3631 1621 3700 die
1642 3633 1897 3725 aequinoctiali
1921 3630 2102 3707 Christum
2128 3652 2164 3708 et
2185 3653 2400 3731 conceptum

475 3737 625 3808 Constat
663 3749 805 3821 autem,
855 3734 997 3807 ludaeis
1045 3758 1197 3803 vernum
1238 3734 1360 3829 aequi·
1413 3748 1448 3802 et
1464 3759 1608 3826 passum
1624 3759 1718 3818 esse,
1744 3760 1980 3827 praemonere
1994 3740 2199 3835 lectores¹⁸)
2221 3743 2401 3825 volumus,

370 3842 531 3910 noctium
547 3840 654 3909 fuisse
671 3839 865 3909 terminum
875 3838 971 3944 ,tqui
986 3861 1082 3906 anno
1098 3836 1240 3907 initium
1257 3860 1361 3927 prae·
1411 3861 1479 3907 nos
1494 3838 1538 3905 ad
1551 3836 1745 3926 signandos
1759 3852 1960 3930 postremos
1975 3855 2074 3912 actus
2082 3839 2215 3914 Christi
2231 3868 2274 3913 er
2289 3839 2401 3914 bisto-

370 3943 510 4025 buerit,
542 3938 609 4009 hac
631 3942 728 4031 lege,
760 3942 913 4011 utillud
936 3938 1163 4009 novilunium
1184 3951 1359 4031 perpetuo
1411 3940 1466 4007 ria
1486 3939 1663 4031 passionis
1684 3939 1814 4031 ipsius,
1840 3943 1899 4011 die
1920 3942 2089 4014 vicesimo
2112 3947 2240 4040 quinto
2263 3945 2402 4028 Martii,

370 4044 589 4137 principium
605 4038 693 4111 anni
708 4040 920 4127 baberetur,
940 4044 1038 4137 quod
1052 4042 1110 4110 vel
1125 4043 1361 4133 praecedebat
1412 4054 1585 4134 tanquam
1603 4054 1699 4111 certo
1714 4044 1868 4113 termino
1883 4070 1966 4117 usos
1980 4070 2066 4131 esse,
2077 4061 2113 4117 et
2126 4049 2344 4141 inscripsisse
2352 4043 2402 4144 ¹⁸)

371 4147 534 4238 proxime
553 4146 647 4214 diem
665 4144 903 4240 aequinoctii,
921 4147 978 4213 vel
993 4146 1227 4238 sequebatur,
1250 4167 1359 4237 aquo
1412 4144 1451 4213 in
1475 4143 1727 4214 Calendarium
1756 4160 1920 4218 nostrum
1951 4148 2028 4219 dies
2053 4150 2153 4233 illos,
2185 4172 2261 4219 non
2290 4162 2332 4221 ut
2361 4149 2402 4217 in
2496 4163 2499 4168 '

371 4247 616 4344 novilunium)
632 4260 839 4318 numeratus
851 4247 1009 4317 decimus
1026 4260 1175 4341 quar-tus
1189 4248 1265 4317 dies
1285 4259 1362 4315 erat
1412 4271 1534 4317 mense
1548 4247 1666 4338 primo
1682 4263 1938 4333 numerantur,
1962 4253 2023 4321 sed
2039 4275 2082 4320 cr
2097 4252 2299 4336 intervallo,
2325 4275 2399 4345 quo

373 4351 569 4420 destinatus
585 4350 796 4420 mactationi
811 4350 893 4441 agni
907 4346 1096 4441 paschalis,
1108 4352 1206 4443 quod
1219 4372 1361 4420 sacrum
1413 4363 1475 4420 aut
1499 4364 1786 4441 praecesserunt,
1819 4365 1881 4421 aut
1911 4354 2022 4423 secuti
2049 4369 2133 4425 sunt
2159 4351 2255 4424 hunc
2275 4354 2400 4424 vicesi-

372 4475 560 4543 nunquam
589 4453 718 4522 licebat
753 4454 932 4523 celebrare
973 4466 1057 4522 ante
1091 4452 1359 4546 aequinoctium
1413 4476 1512 4520 mum
1528 4454 1693 4545 quintum
1710 4453 1804 4522 diem
1823 4454 1966 4534 Martii;
1987 4456 2026 4524 in
2039 4458 2186 4553 reliquis
2203 4470 2322 4527 autem
2337 4455 2400 4525 Bi·

370 4578 545 4637 vernum,
584 4556 722 4625 sedvel
743 4556 821 4646 ipso
850 4555 1070 4649 aequinoctii
1092 4555 1172 4638 die,
1212 4557 1268 4625 vel
1297 4554 1362 4623 ali·
1386 4609 1388 4618 .
1412 4554 1513 4623 blicis
1544 4550 1723 4637 historiis,
1753 4555 1829 4627 dies
1859 4582 1983 4634 omnes
2011 4558 2122 4650 primi
2150 4559 2300 4644 mensis,
2331 4557 2400 4631 soli

372 4668 511 4752 quanto
529 4670 628 4747 post,
653 4671 694 4727 ut
709 4670 859 4727 testatur
871 4654 1042 4748 loscpbus
1056 4657 1119 4728 lib.
1134 4658 1170 4728 S.
1188 4682 1265 4749 cap.
1282 4660 1342 4732 12.
1411 4657 1530 4749 Aprili
1550 4657 1799 4753 assignasse“)

477 4759 709 4850 Quapropter
724 4785 804 4830 cum
823 4760 1089 4853 aequinoctium
1105 4784 1256 4831 vernum
1273 4761 1359 4829 olim
1802 4831 1810 4846 ,
2162 4831 2170 4847 ,
2208 4831 2218 4849 ,

371 4873 514 4946 tantum
531 4885 593 4931 sex
608 4862 732 4932 diebus
750 4887 769 4930 a
784 4864 854 4930 fine
870 4862 994 4932 Martii
1009 4863 1181 4945 abfuerit,
1208 4876 1245 4932 et
1258 4864 1361 4931 novi·
1565 4827 1628 4897 De
1669 4831 1900 4900 m⁸⁰⁵¹b¹¹⁸
1932 4830 2245 4949 M³f⁰d⁰¹¹¹⁰¹⁵

370 4963 513 5034 lunium
537 4964 589 5031 illi
614 4963 687 5031 diei
711 4966 964 5057 aequinoctiali
985 4966 1212 5057 proximum,
1251 4965 1362 5055 primi
1751 4957 1827 5002 ⁸⁸¹¹
1866 4932 2062 5005 (ΜΘΝ

371 5065 504 5134 mensis
521 5066 665 5135 initium
680 5068 805 5135 fuerit:
833 5067 1011 5162 sequitur,
1025 5068 1184 5158 primum
1200 5092 1361 5139 mensem
1515 5064 1612 5133 Haec
1641 5066 1685 5134 de
1710 5068 1891 5139 mensibus
1911 5067 2074 5138 Ebraicis
2095 5068 2188 5137 dicta
2211 5068 2400 5153 sufficiant,

371 5165 595 5237 Ebraeorum
619 5182 682 5238 aut
704 5181 839 5254 totum,
875 5183 937 5240 aut
977 5169 1091 5263 (quod
1119 5171 1361 5266 frequentissi-
1385 5189 1389 5284 ἰ
1413 5166 1542 5262 quibus
1559 5170 1759 5239 necessario
1785 5170 2011 5261 adiungimus
2026 5171 2278 5243 Macedonicos
2300 5196 2400 5242 men·

371 5295 473 5339 mum
498 5273 592 5366 erat)
615 5274 753 5339 maiore
777 5296 819 5340 ex
844 5285 944 5363 parte
965 5273 1003 5339 in
1020 5272 1138 5364 Aprili
1159 5273 1285 5357 fuisse,
1310 5274 1360 5342 ita
1385 5291 1389 5378 ῃ

369 5372 623 5465 utaliquando
639 5375 777 5458 nullos,
802 5375 998 5467 aliquando
1019 5397 1151 5467 paucos
1174 5389 1208 5446 et
1223 5388 1361 5467 postre-
1385 5389 1389 5456 l
1446 5437 1495 5497 2„
1512 5439 1548 5486 ,ᾖ
1568 5437 1682 5499 ww]
1701 5435 1743 5486 ,ω
1761 5436 1810 5488 ῃ,
1828 5437 1871 5501 23
1893 5435 1943 5490 Μ,
1963 5438 1987 5486 1,
2007 5439 2043 5486 a,
2060 5436 2145 5488 tertis

368 5567 592 5582 ...-......
1333 5607 1336 5612 ᾗ
1446 5539 1496 5607 n)
1514 5536 1648 5604 lectores]
1666 5539 1707 5588 sic
1723 5537 1774 5590 aa.
1793 5539 1835 5602 23
1859 5539 1909 5591 Ed.
1931 5540 1955 5591 1.
1974 5538 2117 5589 auditores

1446 5643 1495 5711 24)
1513 5656 1582 5695 usos
1599 5655 1663 5692 esse
1681 5644 1709 5691 et
1726 5640 1920 5706 inscripsisse]
1938 5642 1980 5693 sic
1991 5643 2041 5694 Ed.
2054 5641 2080 5694 t.
2088 5655 2099 5706 3
2115 5642 2165 5692 Ed.
2181 5644 2204 5693 t.
2220 5650 2323 5693 usuros
2335 5651 2401 5694 esse

406 5673 456 5740 at)
474 5674 526 5725 ills
544 5676 704 5728 Melanthon
729 5678 757 5728 in
775 5676 907 5729 strobetlt
930 5678 1054 5739 exemplo
1073 5676 1210 5728 Edittouts
1232 5678 1255 5728 t.
1280 5689 1363 5730 mauu
1386 5681 1391 5782 p
1483 5717 1511 5764 et
1526 5712 1713 5776 mmmm,

441 5743 554 5807 propria
572 5744 600 5792 in
618 5748 744 5809 margine
768 5747 933 5809 adscripsit:
959 5746 1107 5807 proximum
1125 5746 1294 5798 novilunium
1311 5758 1362 5799 sau

442 5814 614 5875 praecedens
632 5827 684 5865 ssu
702 5829 822 5880 aequem
839 5813 1067 5879 aequinoctialem
1083 5815 1163 5870 den.
1447 5813 1497 5883 π)
1517 5815 1709 5883 ωιίςυιειι]
1727 5814 1770 5867 sto
1784 5816 1836 5869 Ed.
1854 5814 1897 5882 203
1921 5816 1972 5868 Ed.
1992 5817 2016 5868 t.
2034 5811 2230 5865 omnibonus.

376 5893 562 5963 ninam.
586 5899 692 5965 Orrn.
735 5901 820 5966 Vos.
842 5900 915 5966 XX.
1942 5882 1993 5960 ⁶2
