5534 6700
384 608 461 686 tot

576 777 685 866 sotim

575 881 698 948 τοῦτον

512 987 554 1052 lt.
575 982 683 1049 sudu

571 1085 709 1153 τούτοιν

516 1189 554 1254 Ρ.
576 1179 674 1253 ούτοι

571 1289 701 1355 τούτου

570 1389 705 1466 τούτοις

568 1489 710 1569 τούτους

374 1595 490 1664 roem
509 1594 546 1661 S.
568 1585 653 1675 σύτο
673 1595 750 1677 Illa,
772 1593 814 1658 ab
833 1585 918 1678 odsi
937 1595 1028 1676 ipss,
1049 1603 1128 1658 tuno
1145 1592 1365 1657 internosces.

567 1691 691 1778 mot„

568 1793 672 1887 *θύη

564 1895 690 1979 ταύτην

449 2001 542 2066 nost
563 1996 673 2064 ταύτα

563 2100 706 2166 ταύταιν

450 2203 540 2280 Plus.
562 2194 666 2268 αύται

564 2304 693 2369 τούτου

564 2403 705 2478 ταύταις

566 2504 692 2579 ταύτας
832 2493 835 2496 ’

366 2609 491 2674 Nentt.
508 2609 545 2673 S.
562 2603 664 2670 τοῦτο
803 2606 844 2670 l).
865 2600 971 2668 τούτιι
1088 2601 1125 2664 Ρ.
1146 2597 1255 2664 ταῦτα

561 2705 682 2771 τούτου
862 2700 1000 2768 τούτοιν
1145 2700 1275 2767 τούτων

561 2805 671 2893 τούτῳ
1143 2801 1278 2878 τούτοις

560 2907 662 2974 τούτο
1140 2903 1258 2969 ταῦτα.

560 3011 690 3084 ἐκεῖνος
860 3006 908 3072 Ut
928 3004 1092 3099 edioetiva
1110 3008 1274 3071 nominum
1292 3006 1358 3071 lle-

560 3113 673 3196 lsslvq
862 3119 927 3174 ote.
967 3093 1078 3192 Saepo
1093 3105 1237 3189 ἐκεῖνος,
1260 3128 1358 3178 τια-

562 3204 675 3284 ἔτιῖυο
861 3209 1102 3286 ἰοηαιτιῒυος.
1317 3224 1321 3235 ·

679 3388 887 3461 Relativum
914 3410 1039 3457 unum.

469 3525 595 3606 Αὐτός
621 3519 716 3619 αὐτή
747 3515 842 3596 αύτύ
873 3517 971 3614 lpse,
1004 3521 1106 3591 flecte
1133 3534 1175 3592 ut
1195 3522 1354 3592 nominis

368 3630 556 3700 adiectiva.
606 3624 731 3697 Viden'
751 3638 788 3695 et
809 3638 915 3694 tenue
940 3622 990 3697 αύ
1005 3646 1100 3707 esse,
1125 3636 1161 3693 et
1179 3625 1217 3693 in
1238 3637 1356 3716 poste-

367 3733 503 3802 riorem
520 3732 694 3826 syllabam
710 3742 838 3799 tonum
854 3724 968 3796 ferri?
1019 3725 1127 3818 Quod
1144 3728 1175 3796 si
1190 3722 1240 3800 αύ
1254 3750 1355 3819 aspe-

367 3859 448 3906 rum
472 3834 625 3917 videris,
651 3845 851 3925 tonumque
874 3830 913 3897 in
929 3830 1019 3911 line,
1044 3840 1086 3898 ut
1100 3824 1242 3912 αὑτοῦ,
1265 3830 1355 3900 scias

367 3961 443 4008 esse
464 3937 703 4028 compositum
722 3955 926 4026 pronomen
949 3930 1171 4021 reciprocum
1200 3932 1246 4000 ab
1268 3930 1355 4004 ἑαυ-

365 4044 436 4113 τοῦ
451 4041 507 4112 sui
520 4040 644 4131 ipsius.
695 4037 791 4109 Nota
804 4031 874 4131 μύυ
887 4057 955 4126 pro
970 4025 1100 4107 αὐτόν.

706 4222 914 4315 Composita
940 4221 1024 4291 tria.

461 4356 666 4453 Ἐμαυισῦ,
685 4365 840 4444 σαυτοῦ,
860 4358 1009 4431 ἑαυτοῦ.
1049 4356 1122 4425 Mei
1139 4355 1262 4447 ipsius,
1281 4354 1353 4425 'rui

366 4457 500 4549 ipsius,
524 4462 586 4532 Sui
599 4462 731 4554 ipsius;
750 4461 985 4531 nominativis
1000 4471 1133 4529 carent.
1158 4457 1268 4527 Varia
1284 4458 1351 4528 sic:

365 4606 516 4689 spumat
556 4610 702 4698 lewis
745 4608 893 4693 ἑαυτοῦ

366 4707 507 4795 spumei
559 4709 684 4807 bavai
744 4711 879 4799 ὶυυυτύ

362 4812 517 4897 ἐμαυτόν
560 4810 704 4900 ἔμαυτύυ
746 4814 874 4898 ἐμαυτύ

367 4930 498 4998 σαυτοῦ
562 4932 684 5019 σαυτῆς
747 4932 874 5000 σαυτοῦ

360 5030 482 5118 oomni
556 5034 664 5130 σαυτῇ
744 5034 860 5124 σαυτᾷ

366 5132 492 5199 σαυτόν
556 5138 686 5223 oemio
746 5136 852 5204 σαυτύ

365 5249 491 5369 ww?
555 5253 677 5374 im?
749 5254 872 5373 imi&
936 5303 1052 5373 borum
1073 5318 1255 5394 smuuutur
1275 5311 1353 5393 plu·

364 5350 480 5438 ύαυτιρ
556 5354 660 5451 ἑαυτο
745 5356 854 5446 §cnsp

363 5451 493 5521 toust«
556 5456 681 5545 ἑαυτήν
744 5459 846 5560 ἑαυτό
935 5411 1024 5477 ‘⁸¹1⁸'

362 5570 498 5675 ύουτιῖυ
530 5583 588 5643 καὶ
622 5578 724 5665 σφῶν
771 5576 884 5646 adesir

366 5673 500 5753 ἑαυτοῖς
529 5686 588 5745 καὶ
619 5688 744 5767 σφίσιν
771 5678 887 5760 adroic

360 5773 507 5856 ἑαυτούς
531 5786 590 5848 καὶ
622 5785 717 5872 σφᾶς
771 5779 893 5861 αύτούς

927 4713 1011 4797 plur.
1026 4721 1141 4777 went
1155 4721 1191 4776 ot
1202 4712 1314 4777 rectis.

931 5036 1011 5120 plur.
1025 5036 1194 5120 motisque
1205 5047 1330 5104 ocrem.

922 5684 1352 5771 Afflugoloemetneutra.

909 610 1032 687 xciv.
1082 610 1412 729 unaunartcs
1443 613 1637 690 ananus
1669 616 1899 692 urucas

911 1691 1180 1780 warwic,
1206 1704 1245 1758 ut
1265 1685 1370 1775 earet
1417 1750 1427 1767 .

2342 617 2419 692 134
2513 552 2524 559 ³

1730 790 1806 874 lte
1834 789 2112 879 Aduerbio.

1528 938 1709 1011 Hactenus
1737 949 1879 1030 partes,
1914 961 2006 1032 quae
2029 938 2256 1009 declinabiles
2283 963 2413 1009 vocau-

1306 1027 1308 1031 ’
1424 1052 1502 1124 tur,
1536 1041 1752 1134 compendio
1776 1028 1939 1109 tracta'vi.
1991 1039 2191 1130 Supersunt
2217 1041 2412 1113 indeclina-

1421 1141 1530 1226 biles,
1554 1141 1797 1225 Adverbium,
1821 1140 2071 1234 Praepositio,
2095 1141 2322 1226 coniunctio.
2352 1141 2410 1213 lu·

1422 1242 1669 1315 teriectiouem
1697 1244 1827 1316 Graeci
1857 1244 1924 1314 sub
1956 1244 2140 1313 Aduerbio
2174 1240 2409 1337 comprehen-

1283 1353 1290 1368 ‘
1420 1347 1522 1417 dunt.
1556 1345 1654 1439 Quid
1669 1347 1765 1416 enim
1780 1346 1879 1415 aliud
1895 1357 1949 1415 est
1962 1342 2165 1416 Interiectio
2182 1372 2289 1447 quam
2305 1349 2409 1418 verbi

1419 1451 1697 1540 σχπλιασῐικοῦ
1711 1461 1811 1531 nota,
1838 1459 1874 1514 et
1888 1446 1990 1539 quasi
2005 1448 2226 1519 declaratio?
2260 1447 2407 1521 Adver·
2545 1546 2551 1556 ¹

1416 1547 1516 1618 bium
1536 1549 1736 1641 igiturest,
1762 1548 1935 1643 quoniam
1959 1550 2060 1618 verbi
2077 1564 2175 1622 nota.

1517 1653 1738 1723 Adverbium
1757 1646 1961 1745 ἐπίῤῥημα,
1986 1653 2083 1743 quod
2097 1655 2207 1721 verbo
2224 1654 2403 1727 adiectum

1415 1775 1534 1843 ipsum
1557 1754 1692 1824 delinit.
1758 1751 1800 1821 Id
1823 1752 2142 1843 significationibus
2165 1756 2328 1825 adverbii
2351 1760 2403 1831 fit.

1413 1854 1553 1923 Accidit
1569 1880 1654 1948 ergo
1675 1855 1847 1926 adverbio
1863 1854 2088 1946 significatio.
2122 1854 2217 1926 Nam
2233 1857 2303 1927 alia
2318 1873 2403 1930 sunt

1413 1956 1496 2039 loci,
1523 1969 1563 2027 ut
1580 1957 1751 2031 ἐνταῦθα
1765 1952 1835 2027 hic.
1873 1957 1954 2026 Alia
1972 1957 2157 2046 temporis,
2183 1970 2224 2027 ut
2237 1955 2402 2056 σήμερον

1412 2053 1533 2128 hodie.
1592 2060 1675 2128 Alia
1710 2057 1911 2155 qualitatis,
1943 2070 1983 2128 ut
2008 2054 2126 2151 ἡδέως
2150 2059 2305 2131 iucunde
2332 2076 2399 2134 etc.

1410 2158 1638 2232 variationes
1657 2161 1979 2253 significationum,
2004 2163 2296 2254 quandoquidem
2313 2189 2399 2256 pro-

1409 2263 1489 2352 prie
1502 2264 1547 2331 ad
1562 2263 1735 2334 idiomata
1749 2263 1948 2356 pertinent,
1973 2262 2193 2353 superfluum
2208 2265 2398 2338 videbatur

1410 2360 1470 2434 bic
1492 2389 1616 2437 omnes
1637 2390 1834 2437 recensere.
1886 2365 1955 2435 Sed
1970 2365 2014 2433 de
2031 2364 2204 2437 localibus
2221 2368 2394 2460 attingam

1409 2467 1583 2556 paucula,
1610 2492 1682 2558 quo
1703 2482 1845 2558 gratum
1863 2467 1983 2557 pueris
1998 2467 2138 2536 faciam.

1510 2568 1691 2636 Adverbia
1705 2569 1835 2636 localia
1851 2583 1914 2639 ant
1929 2581 2013 2640 sunt
2027 2568 2182 2660 genuina
2199 2574 2278 2652 τοῖς
2290 2569 2394 2644 dati·
2421 2578 2428 2590 '

1408 2693 1505 2761 τοις,
1529 2681 1571 2739 ul
1592 2667 1685 2760 dxci,
1711 2668 1800 2758 ἔξω,
1827 2683 1890 2739 aut
1911 2694 1930 2738 a
1953 2671 2160 2741 nominibus
2183 2669 2395 2761 trahuntur;

1408 2774 1487 2842 τῶν
1508 2765 1676 2870 γυησίων
1698 2771 1811 2841 facilis
1834 2771 1941 2840 notio
1955 2783 2027 2854 est,
2055 2773 2228 2865 quoniam
2248 2777 2392 2845 definita

1409 2885 1493 2941 sunt
1515 2895 1691 2956 numero,
1715 2875 1804 2967 quid
1823 2873 2041 2964 significent,
2067 2873 2106 2941 in
2121 2874 2261 2959 locone,
2284 2899 2333 2944 an
2348 2880 2393 2947 de

1408 2972 1505 3060 loco,
1540 2991 1634 3041 aune
1659 2975 1706 3041 ad
1727 2976 1858 3044 locum.
1918 2975 2020 3067 Quae
2044 2998 2064 3042 a
2087 2975 2294 3048 nominibus
2319 2992 2392 3048 tra-

1408 3069 1563 3158 buntur,
1588 3074 1638 3144 sio
1655 3075 1902 3146 discernimus.

1509 3178 1557 3250 θι
1577 3174 1776 3248 desinentia
1800 3179 1839 3247 in
1854 3179 1934 3247 loco
1951 3176 2170 3268 significant,
2196 3192 2237 3248 ut
2251 3174 2394 3280 ἀγρόθι

1407 3279 1447 3348 in
1468 3303 1566 3370 agro.
1625 3275 1709 3348 ldeo
1734 3277 1876 3379 ἄγρόθι
1900 3280 2134 3371 penultimam
2158 3278 2274 3366 acuit,
2306 3284 2392 3379 quia

1407 3385 1453 3452 ab
1476 3378 1591 3481 ἀγρός
1613 3384 1908 3468 acutaeultimac
1931 3383 2037 3452 cadit.
2089 3383 2207 3455 Tenes
2222 3386 2318 3454 euim
2336 3410 2392 3456 re-

1407 3484 1546 3577 gulam,
1571 3479 1668 3553 baud
1690 3486 1763 3555 fere
1786 3488 1952 3554 excedere
1974 3496 2099 3554 tonum
2116 3486 2271 3577 syllaba,
2297 3512 2391 3581 quae

1406 3586 1494 3656 recti
1516 3585 1612 3657 acuti
1635 3586 1716 3657 finis
1736 3600 1799 3657 est.
1853 3586 1912 3676 'l'u
1932 3586 2022 3656 faxis
2044 3588 2179 3677 pariter
2202 3600 2238 3656 et
2252 3590 2296 3656 de
2310 3588 2391 3660 aliis

1405 3688 1551 3759 iudices.
1625 3683 1761 3759 ἄλλοθι
1795 3686 2116 3779 antepenultimam
2149 3689 2263 3774 acuit,
2304 3691 2393 3784 quia·

1406 3788 1515 3871 ἄλλος
1528 3789 1696 3881 primam,
1719 3813 1798 3859 non
1813 3789 1990 3860 ultimam.
2023 3789 2082 3859 sie
2095 3794 2139 3860 d'e
2155 3790 2246 3863 aliis.
2274 3786 2391 3887 Ἀθή-

1404 3914 1491 3987 νησι
1514 3892 1551 3959 in
1566 3885 1734 3971 Athenis;
1760 3892 1929 3963 desinunt
1953 3892 2048 3962 enim
2072 3917 2125 3982 σι,
2153 3920 2246 3988 quac
2270 3918 2290 3963 a
2310 3896 2391 3988 plu-

1405 3994 1540 4065 ralibus
1547 3992 1595 4091 ⁶⁴)
1612 3994 1820 4065 nominibus
1837 3997 1987 4079 cadunt,
2013 3996 2142 4066 similia
2158 3996 2287 4067 dativis
2302 3997 2387 4069 suis.

1508 4118 1548 4169 os
1567 4098 1614 4165 ad
1627 4097 1765 4180 locum,
1791 4093 1929 4195 clypo'oo
1947 4110 1982 4166 et
1996 4093 2179 4195 ἀγρόνδε,
2205 4110 2245 4166 ut
2261 4098 2307 4175 sit
2322 4122 2389 4167 no·

1405 4197 1513 4271 minis
1536 4198 1658 4291 aliqua
1679 4198 1717 4267 in
1741 4223 1783 4268 eo
1810 4200 1964 4289 species,
1990 4200 2039 4269 sic
2061 4193 2266 4293 Ἀθήυαζες
2298 4223 2385 4269 nam

1404 4325 1472 4392 pro
1502 4324 1563 4386 σε,
1603 4294 1642 4387 ζε
1668 4300 1804 4370 faciunt
1830 4297 2077 4371 huiuscemodi
2098 4301 2292 4393 pluralium
2315 4327 2388 4375 πα-

1404 4400 1574 4502 urna·

1506 4504 1580 4577 θεν
1598 4506 1643 4573 de
1665 4504 1764 4588 loco,
1783 4502 1992 4600 Ἀθήνηθεν
2015 4530 2058 4576 ex
2077 4500 2246 4588 Athenis,
2272 4502 2388 4603 οὐρα-

1402 4604 1521 4681 υόθευ
1535 4630 1555 4680 e
1571 4606 1683 4676 coelo.

1470 4785 1472 4789 Α
1504 4708 1682 4780 Accidunt
1699 4709 1870 4778 adverbio
1890 4709 1975 4779 item
1993 4709 2228 4800 compositio,
2258 4721 2299 4778 ut
2317 4706 2388 4780 πά·

1404 4814 1465 4882 tac
1478 4805 1687 4936 πρόπαλαι,
1714 4823 1749 4880 et
1764 4812 2007 4903 comparatio,
2032 4815 2159 4908 σοφῶς
2171 4808 2388 4907 σοφώτερον
2482 4880 2485 4885 .

1404 4933 1640 5009 οοφιυτατου.

1530 5078 1534 5087 ’
1565 5205 1573 5218 ‚
1628 5114 1704 5198 De
1730 5111 2158 5219 Praepositionc.

1505 5264 1694 5337 Simillima
1710 5259 1888 5351 adverbio!
1895 5264 2114 5354 praepositio
2127 5259 2306 5362 πρόθεσις
2321 5281 2384 5340 est.

1405 5370 1498 5442 Nam
1524 5382 1559 5438 et
1584 5366 1753 5459 pleraque
1782 5364 1951 5434 adverbia
1973 5366 2214 5450 Graecorum,
2249 5369 2388 5441 casibus

1404 5472 1593 5542 nominum
1622 5479 1898 5551 construuntur,
1932 5480 1971 5537 ut
1997 5466 2115 5565 χωρὶς
2137 5467 2283 5544 τούτων
2309 5485 2386 5556 etc„

1405 5576 1502 5670 quod
1524 5597 1590 5642 uos
1611 5569 1914 5662 praepositionem
1930 5569 2097 5655 facimus,
2120 5586 2262 5663 praeter
2279 5570 2384 5644 haec:

1438 5803 1487 5872 Μ)
1504 5803 1671 5873 pluralibus]
1680 5806 1776 5874 ‚natta
1798 5805 1886 5911 15³3„
1905 5806 1982 5859 1³⁴1.
2001 5808 2089 5859 mus:
2113 5807 2237 5872 pluribus
