5534 6700
295 630 374 711 567
448 736 451 740 ,
483 633 529 708 V.
581 632 841 709 nts'rotuass
866 633 1108 731 QUAEDAM
1133 633 1412 709 neutram
1436 633 1588 709 INTER
1611 631 1845 751 rootless
1870 632 2152 707 LECTIONES.
2255 632 2333 711 558

399 800 550 878 CXLIX.
586 805 670 876 Fuit
686 806 913 898 Stutgardiae
934 807 991 900 vir
1007 807 1153 901 quidam
1169 807 1287 899 gravis
1342 819 1530 898 angustam
1548 830 1628 877 eum
1646 807 1805 878 abduxit.
1857 805 1938 875 Rex
1953 805 2096 876 monitu
2111 807 2252 898 puellae
2277 830 2338 879 ar-

296 923 333 981 et
347 909 491 1003 sapiens
511 909 737 983 consiliarius
749 908 861 981 Ducis
874 908 1200 1001 Wirtebergensis‚
1226 910 1290 1005 qui
1342 934 1434 993 cam,
1458 933 1550 1002 quae
1565 911 1658 978 forte
1673 909 1723 979 ibi
1741 923 1829 992 erat,
1857 909 1988 979 ianuae
2005 909 2178 979 admovit.
2218 907 2338 981 Noctu

297 1038 378 1082 cum
404 1013 443 1079 in
469 1013 550 1081 aula
572 1036 638 1081 nec
660 1035 794 1103 paucas
816 1008 966 1083 haberet
988 1014 1191 1097 molestias,
1223 1037 1290 1083 nec
1341 1012 1442 1082 venit
1456 1011 1609 1083 rusticus
1630 1037 1710 1083 cum
1735 1013 1875 1083 duobus
1896 1012 1980 1082 filiis
1995 1006 2125 1083 'volens
2150 1035 2338 1103 erumpere

297 1128 421 1184 tamen
436 1114 505 1185 illis
521 1140 557 1184 se
572 1115 761 1198 liberaret,
789 1115 930 1185 dicebat
952 1141 988 1186 se
1009 1111 1143 1186 habere
1164 1139 1289 1186 canem
1342 1139 1408 1207 per
1423 1114 1588 1195 ianuam;
1615 1117 1677 1186 sed
1695 1116 1778 1211 quia
1795 1139 1914 1185 arcam
1934 1116 2135 1207 appositam
2152 1114 2340 1197 sentiebat,

298 1219 412 1288 multo
434 1216 687 1307 sapientiorem
711 1240 797 1289 sese.
865 1215 929 1288 llle
956 1218 1053 1287 enim
1077 1244 1156 1289 cum
1180 1219 1290 1289 semel
1342 1214 1510 1287 hortatur
1526 1242 1629 1303 eum,
1654 1232 1695 1289 ut
1718 1219 1863 1291 ianuam
1890 1217 2040 1311 aperiat.
2091 1216 2170 1287 Rex
2190 1239 2341 1308 respon-

297 1321 392 1389 male
422 1332 587 1412 acceptus
617 1332 708 1391 essct
735 1320 775 1390 in'
800 1321 882 1391 aula
914 1345 934 1390 a
965 1318 1114 1415 reliquis
1143 1322 1291 1392 canibus
1343 1322 1405 1390 det
1421 1344 1458 1391 se
1474 1321 1572 1389 nolle
1591 1322 1753 1412 aperire,
1777 1321 2018 1393 cum'nullam
2042 1315 2233 1389 honestam
2258 1342 2342 1411 apo

294 1421 572 1514 grandioribus,
607 1425 755 1516 quando
776 1418 904 1494 herum
930 1424 1146 1518 sequebatur
1167 1447 1290 1493 ascen·
1343 1422 1462 1493 riendi
1476 1447 1619 1494 causam
1637 1419 1781 1496 habeat.
1832 1421 1888 1504 lbi
1909 1424 2061 1494 rusticus
2082 1422 2257 1514 parietem
2280 1423 2341 1491 de-

296 1528 441 1595 dentem
456 1527 496 1594 in
512 1526 633 1596 aulam
652 1529 696 1595 ad
711 1527 879 1611 consilia,
904 1538 1028 1618 postea
1041 1550 1120 1597 uon
1137 1527 1291 1619 amplius
1343 1527 1491 1611 struxit,
1527 1538 1562 1595 et
1583 1525 1623 1594 in
1646 1550 1765 1618 regem
1794 1528 1932 1596 nudum
1956 1527 2131 1618 impetum
2149 1525 2255 1607 lacit,
2278 1526 2341 1597 sed

296 1629 477 1720 ingressus
494 1642 547 1700 est
559 1629 699 1716 aulam,
723 1633 784 1702 sed
801 1653 943 1722 semper
964 1625 1091 1699 herum
1110 1653 1224 1724 usque
1244 1630 1292 1698 ad
1343 1631 1390 1701 ab
1407 1652 1451 1699 eo
1466 1629 1540 1699 ictu
1554 1629 1776 1699 bombardae
1792 1654 1879 1703 mox
1893 1629 2125 1712 interficitur,
2151 1651 2224 1721 qno
2237 1627 2340 1718 lapso

297 1732 420 1825 aulam¹
435 1731 697 1816 comitabatur,
723 1733 851 1803 deinde
868 1755 1034 1804 reversus
1056 1744 1110 1805 est
1128 1735 1292 1816 domum,
1343 1732 1550 1824 proximum
1573 1731 1696 1802 stricto
1721 1732 1841 1824 gladio
1862 1732 2039 1823 perfodit,
2066 1754 2220 1824 cumque
2240 1731 2342 1801 lieret

296 1834 499 1906 veritusne
521 1836 652 1906 iterum
676 1836 716 1905 in
737 1859 842 1909 canes
863 1835 1048 1907 incideret.
1110 1835 1181 1906 Sed
1210 1858 1291 1905 cum
1344 1835 1519 1906 tumultus
1537 1845 1573 1903 et
1589 1858 1783 1906 concursus
1807 1830 2020 1917 hominnm,
2053 1831 2172 1925 rexoe)
2191 1830 2343 1903 coniici-

298 1961 365 2029 ego
380 1936 486 2009 toties
503 1939 542 2008 in
561 1939 643 2009 aula
660 1934 849 2010 habuerim
871 1951 947 2008 tam
964 1937 1194 2030 gramssimas
1214 1961 1293 2007 mo-
1344 1949 1406 2009 tur
1426 1937 1465 2005 in
1487 1959 1678 2031 carcerem.
1739 1937 1850 2007 Mane
1872 1936 2070 2008 adveniunt
2094 1934 2233 2028 equites
2258 1956 2342 2007 oum

296 2039 416 2112 lestias
438 2064 480 2111 ac
504 2066 634 2126 onera,
675 2055 798 2113 tamen
821 2038 915 2113 mibi
935 2043 981 2113 ab
1005 2043 1087 2113 aula
1110 2064 1186 2113 non
1212 2042 1293 2112 obse
1344 2039 1562 2134 quaesituri,
1588 2053 1624 2110 et
1641 2065 1721 2109 cum
1740 2040 1816 2111 eius
1831 2065 1963 2134 equum
1977 2041 2071 2108 forte
2088 2036 2343 2130 adspexisseut,

296 2143 408 2214 tineo,
699 2135 711 2160 ³
1123 2170 1125 2174 ·
1167 2204 1169 2209 .
1285 2190 1287 2197 -
1344 2154 1624 2235 percontantur,
1650 2142 1789 2214 ubisit.
1839 2142 1894 2213 Re
1918 2143 2041 2236 itaque
2068 2141 2209 2232 cognita
2233 2154 2342 2211 rex'ie

400 2243 473 2317 CL.
506 2241 649 2316 Phocas
671 2245 838 2317 tribunus
860 2246 1017 2318 militum
1043 2271 1124 2318 curn
1145 2268 1293 2337 oppres·
1343 2246 1496 2317 vinculis
1516 2244 1712 2329 liberatur,
1738 2259 1774 2314 et
1797 2270 1879 2317 enm
1900 2245 1973 2316 suis
1999 2269 2043 2314 ex
2064 2268 2159 2336 pago
2181 2240 2344 2315 discessit

296 2347 400 2419 sisset
423 2372 527 2420 suum
550 2349 761 2431 dominum,
786 2346 1046 2440 Imperatorem
1063 2348 1292 2431 bisuntium,
1344 2349 1463 2441 puella
1478 2371 1597 2418 secum
1608 2347 1850 2445 abductam),
1865 2372 1885 2418 a
1902 2371 1973 2442 qua
1991 2359 2070 2416 crat
2081 2345 2343 2439 praemonitus,

297 2472 461 2543 eumque.
475 2449 643 2541 cepisset,
675 2450 778 2523 iussit
797 2451 867 2522 sibi
883 2452 1013 2522 adduci
1032 2451 1119 2522 victi
1134 2447 1293 2541 Impera·
1329 2457 1381 2521 'et
1402 2474 1482 2520 eam
1506 2449 1665 2534 dotavit,
1706 2472 1820 2541 pagus
1842 2463 1964 2521 autem
1988 2451 2088 2522 iussu
2109 2444 2343 2542 imperator'u

297 2552 388 2623 toris
412 2551 620 2644 coniugem,
645 2553 738 2624 filios
754 2564 789 2621 et
803 2553 914 2636 filias,
938 2565 980 2622 ut
996 2578 1058 2624 eos
1081 2554 1121 2622 in
1145 2574 1294 2643 conspe·
1344 2574 1513 2623 accensus
1533 2564 1597 2622 est.
1988 2630 1994 2641 ¹
2325 2594 2331 2623 ι

296 2668 358 2723 ctu
380 2655 457 2725 eius
479 2654 714 2739 interficeret,
748 2679 789 2726 ac
817 2656 976 2747 primum
1008 2655 1161 2726 interfici
1190 2654 1294 2725 iussit
1450 2650 1553 2723 CLII.
1587 2652 1673 2723 Fuit
1691 2653 1838 2746 quidam
1855 2653 1970 2738 Saxo,
2004 2655 2068 2748 qui
2088 2654 2269 2744 profectus
2289 2663 2343 2725 est

298 2756 407 2839 filias,
430 2756 711 2848 inspectantibus
724 2771 827 2849 patre
840 2758 1015 2829 Mauritio
1033 2772 1068 2829 et
1091 2770 1208 2827 matre
1227 2752 1294 2826 ho·
1345 2757 1385 2827 in
1400 2753 1563 2839 ltaliam,
1589 2769 1626 2826 et
1639 2758 1860 2826 consuetudo
1877 2769 1949 2839 est,
1975 2770 2017 2826 ut
2031 2757 2137 2825 valde
2153 2757 2341 2827 moderate

298 2857 498 2928 nestissima
522 2859 691 2951 coniuge,
728 2873 854 2951 postea
877 2861 1140 2931 adolescentem
1165 2860 1293 2929 filium.
1345 2858 1486 2929 vivant.
1536 2857 1593 2927 llli
1610 2882 1697 2929 vero
1715 2860 1811 2928 inter
1828 2860 2007 2928 edendum
2026 2854 2342 2951 apponebaturvir

299 2963 436 3031 Aberat
456 2972 575 3051 autern
599 2956 715 3031 adhuc
735 2959 868 3032 filiolus
892 2986 986 3033 unus
1007 2975 1096 3034 natu
1122 2962 1294 3031 minimus
1346 2974 1443 3032 trum
1466 2985 1639 3053 parvum,
1665 2985 1747 3030 curn
1768 2962 1868 3031 vino.
1919 2958 1981 3030 llle
2005 2961 2117 3030 ebibit
2141 2959 2267 3029 vinum
2289 2970 2342 3031 al·

300 3060 601 3153 apudnutriccm.
653 3060 854 3134 Hunccum
871 3063 993 3134 afferri
1014 3064 1191 3148 iussisset,
1217 3087 1294 3131 ma·
1346 3087 1417 3159 que
1436 3063 1590 3133 alterum
1610 3075 1645 3132 et
1658 3063 1803 3133 tertium
1819 3063 1953 3163 ebibit,
1975 3076 2010 3132 et
2031 3062 2184 3154 proiecit
2206 3061 2343 3131 vitrum

297 3164 389 3236 ritus
430 3164 580 3237 nutricis
620 3165 866 3236 misericordia
907 3180 1028 3237 motus
1071 3167 1187 3245 adfert
1217 3188 1294 3238 non
1346 3168 1393 3235 ad
1411 3165 1598 3257 parietem,
1625 3178 1660 3234 et
1673 3165 1780 3237 dixit:
1808 3166 1885 3241 bct
1900 3168 1949 3240 bit
1965 3175 2038 3259 gott
2055 3169 2196 3241 muubttt
2210 3161 2342 3263 {blm

299 3266 508 3351 alumnum,
541 3268 603 3338 sed
631 3292 735 3338 sunm
758 3268 891 3347 filium;
924 3281 1025 3338 tanta
1048 3282 1126 3338 erat
1145 3270 1233 3340 tides
1254 3267 1294 3337 in
1346 3277 1417 3344 tuot
1430 3266 1513 3363 [thol
1536 3269 1577 3342 itt
1598 3269 1660 3341 mit
1676 3273 1748 3344 bem
1772 3267 1945 3363 hlodbotn
1968 3270 2115 3357 madeo,
2146 3265 2204 3363 gel
2223 3285 2278 3360 mu
2294 3287 2341 3341 u

299 3395 343 3439 eo
360 3366 521 3440 homine.
573 3370 643 3441 Sed
667 3395 748 3441 cnm
772 3372 965 3463 aspexisset
986 3396 1139 3464 puerum
1156 3371 1295 3444 Mauri·
1345 3370 1423 3468 belf
1443 3371 1603 3461 slimechte
1619 3373 1690 3466 bet.
2326 3409 2331 3428 ·

298 3472 391 3555 tius,
427 3471 633 3566 interpellat
653 3470 816 3544 Phocam
841 3498 993 3545 monens
1015 3470 1112 3546 hune
1134 3474 1294 3546 alienum
1451 3473 1569 3548 CLlll.
1610 3473 1653 3544 ln
1682 3473 1802 3567 primo
1833 3475 1997 3543 examine
2018 3472 2343 3561 Ecclesiarumpa-

299 3598 397 3658 esse,
421 3599 489 3645 nec
506 3597 542 3645 se
559 3577 653 3646 velle
666 3575 886 3648 calamitates
901 3601 983 3649 suas
995 3575 1034 3646 in
1057 3577 1213 3648 amicum
1234 3578 1295 3647 de-
1346 3590 1423 3651 stor
1434 3579 1606 3673 quidam,
1633 3578 1697 3670 qui
1711 3576 1781 3646 fuit
1795 3573 2006 3659 monachus,
2033 3577 2276 3665 interrogatus
2289 3583 2343 3644 eat

299 3677 435 3749 rivare.
491 3678 664 3749 Adsertor
687 3677 798 3771 igitur
818 3677 984 3751 Mauritii
1004 3680 1163 3760 filiusac
1184 3681 1296 3750 inter·
1343 3677 1575 3773 aPhilippo,
1611 3704 1657 3748 an
1683 3680 1829 3749 doceret
1851 3678 1964 3748 etiam
1987 3679 2225 3771 decalogum
2260 3673 2341 3768 lpse

300 3779 430 3850 licitur.
490 3780 621 3852 Postea
646 3782 776 3852 misera
804 3795 921 3852 mater
947 3784 1170 3868 trucidatur,
1201 3782 1296 3853 etin
1346 3785 1550 3875 respondit:
1576 3780 1641 3876 Sep
1663 3782 1729 3876 bob
1745 3786 1809 3858 bal
1832 3780 1909 3876 but)
1932 3780 2011 3878 uod)
2032 3780 2135 3880 nidyt,
2161 3779 2343 3876 eturectier

299 3894 401 3952 tanta
423 3881 627 3965 calamitate
641 3885 740 3955 nulla
762 3909 834 3954 vox
849 3884 960 3978 impia
977 3911 1020 3955 ex
1036 3884 1211 3955 Mauritio
1232 3907 1295 3955 au·
1343 3886 1438 3960 sime,
1448 3886 1656 3977 respondit,
1680 3886 1765 3980 quia
1779 3909 1846 3955 nec
1860 3885 2052 3978 incapite,
2078 3886 2197 3956 necin
2212 3883 2342 3955 biblio.-

299 3983 375 4055 dita
400 3996 472 4068 est,
497 3989 559 4057 sed
584 3987 722 4070 adstitit
742 4000 921 4080 spectator
941 3984 1073 4059 harum
1094 3986 1294 4080 ingentium
1347 3985 1448 4058 theca
1467 3984 1604 4059 habuit.
2327 4001 2332 4028 ⁵

298 4088 527 4158 miseriarum
545 4103 581 4159 et
596 4088 871 4172 aerumnarum
902 4094 964 4163 sed
982 4117 1062 4162 cnm
1077 4105 1224 4162 ventum
1243 4102 1296 4161 est
1617 4106 1622 4114 '

301 4191 346 4260 ad
365 4190 574 4284 coniugem,
599 4194 650 4263 ibi
663 4194 808 4264 demum
826 4191 1027 4287 Imperator
1043 4194 1192 4266 sublatis
1211 4217 1296 4264 ocu·
1654 4176 1717 4245 De
1748 4198 1890 4267 l)uero
1916 4171 2029 4246 lew·

298 4293 399 4363 lisin
413 4289 505 4365 hanc
522 4320 647 4366 vocem
674 4296 810 4389 erupit:
847 4294 999 4368 lustus
1026 4321 1070 4367 es
1094 4296 1294 4367 Domine
1449 4310 1586 4388 (ΜΗ,
1629 4311 1758 4381 omnis
1781 4309 1958 4403 sapientia
1986 4311 2115 4380 mundi
2143 4310 2222 4381 iure
2250 4305 2344 4379 cedit

302 4407 348 4463 0²
372 4409 542 4467 mlum
567 4412 693 4470 tuum
720 4398 965 4483 iudicium,
998 4399 1295 4471 V⁰len⁵f³lefl⁵0
1346 4417 1557 4508 cogitationi
1574 4410 1679 4487 lhesu
1696 4410 1848 4496 Christi3
1884 4413 1972 4506 quid
1993 4414 2088 4483 enim
2113 4427 2166 4484 est
2187 4410 2344 4482 admira·-

299 4521 405 4566 reum
433 4523 506 4570 esse
530 4514 565 4572 et
584 4503 675 4573 iuste
698 4496 762 4574 has
785 4526 922 4595 poenas
945 4502 1132 4574 sustinere.
1183 4502 1296 4573 Deni·
1345 4520 1454 4591 bilius
1470 4544 1577 4615 quam
1595 4543 1700 4590 „0530
1722 4519 1824 4590 illum
1852 4516 2161 4587 admirabilem&
2181 4530 2343 4586 metuens

300 4624 374 4695 ‘lu‘
396 4624 483 4671 ΜΟ
504 4617 538 4674 ‘¹
557 4605 633 4697 iP⁵e
657 4605 767 4674 almi
791 4606 913 4675 ³¹¹3ffl0
937 4606 1112 4676 emicem
1137 4616 1294 4698 lyram
1347 4625 1433 4694 dum
1451 4624 1566 4696 filium
1582 4621 1652 4692 Dei
1677 4620 1873 4714 pronobis
1898 4620 1976 4690 lieri
1997 4621 2181 4690 victimam
2203 4633 2238 4689 et
2259 4639 2343 4709 pro-

298 4704 481 4796 Praebull·
624 4810 632 4826 .
675 4809 711 4826 ..
871 4809 880 4827 ι
1050 4810 1059 4827 ο
1164 4807 1173 4826 .
1346 4738 1429 4819 pter
1448 4722 1648 4797 humanum
1670 4749 1781 4816 genus
1804 4724 1854 4794 sic
1870 4745 1909 4793 se
1926 4724 2133 4806 demittere,
2160 4734 2201 4793 ut
2216 4719 2343 4792 habitu

348 4909 357 4924 ·
406 4805 493 4880 CLI·
534 4808 804 4881 Manmhanus
831 4810 925 4881 filius
952 4810 1173 4880 Perdmandn
1206 4823 1296 4882 natu
1347 4830 1553 4900 inveniatur
1568 4841 1609 4899 ut
1624 4823 1748 4897 homo.
1800 4827 1853 4910 821
1864 4826 2034 4919 masoreth
2050 4830 2160 4902 utut
2177 4846 2210 4898 cc
2224 4823 2342 4915 [stom

300 4932 459 5031 premus,
485 4912 548 5020 qui
566 4938 659 4983 unus
674 4913 712 4982 in
729 4914 888 4985 absentia
907 4911 1137 5008 Imperatoris
1160 4923 1196 4983 et
1221 4913 1296 4985 eins
1347 4941 1443 5008 „ata
1467 4926 1575 5026 'pam
1596 4928 1715 5026 helffen
1739 4928 1854 5024 {penset
1878 4930 2006 5018 lunen,
2039 4931 2125 5023 quia
2150 4931 2219 4999 fuit
2240 4929 2344 4997 faber

298 5012 366 5080 filu
382 5009 520 5133 ltaham
539 5028 574 5085 et
588 5016 799 5110 Hispaniam
817 5017 1014 5110 gubernat,
1047 5042 1128 5087 cum
1145 5017 1240 5087 forte
1256 5017 1295 5088 in
1346 5037 1532 5129 lignarius,
1598 5034 1687 5111 ms
1702 5038 1846 5124 {metten
1873 5036 1924 5108 bie
1942 5053 2008 5109 »οη
2033 5031 2204 5128 utipanti)
2230 5031 2344 5126 fageus,

300 5130 494 5188 V0⁰³11⁰ne
524 5143 668 5190 cervum
700 5132 790 5191 esset
817 5121 1016 5203 insecutus,
1051 5133 1086 5189 θῒ
1108 5119 1294 5212 Ῑθῡὸἷῦδὸ
1347 5135 2248 5234 quandovidebuntChristumcedentemadentra
2267 5159 2343 5202 ma-

300 5241 367 5288 suo
402 5223 577 5293 comitatu
613 5223 846 5307 discessisset,
886 5238 962 5295 tum
1000 5225 1224 5295 errabundus
1256 5223 1295 5293 in
1348 5243 1541 5314 105131555„
1565 5241 1734 5314 excelsis?
1786 5239 1896 5338 {211stss
1917 5243 1969 5315 nit
1992 5243 2081 5315 min
2106 5240 2195 5334 paup
2222 5234 2343 5332 helffen

298 5321 565 5447 ⁸J¹V³V³gffl⁰³
581 5339 645 5446 ⁰⁸l3
665 5428 674 5447 ⁶
696 5326 861 5396 Tandem
877 5329 1018 5420 vesperi
1039 5328 1136 5398 venit
1161 5330 1205 5396 ad
1231 5350 1295 5420 pa·
1344 5346 1481 5421 locent
1507 5350 1569 5421 uic
1591 5344 1735 5437 lompllu
1759 5366 1798 5438 su
1822 5343 1944 5439 lotum
1967 5345 2091 5438 proteu
2106 5342 2244 5437 ducent
2277 5344 2341 5415 bct
2402 5404 2406 5411 .

298 5449 404 5517 8⁰¹⁰,
445 5432 508 5500 ΠΒ]
540 5423 698 5522 l¹⁰⁵t³¹l¹⁰
724 5442 890 5522 exceptus
919 5434 1120 5526 ³q¹¹⁰d³¹¹¹
1147 5431 1296 5516 rustico,
1346 5446 1388 5539 ill
1415 5452 1465 5524 lte
1492 5447 1612 5546 hodite
1637 5449 1806 5541 ueitbeit,
1846 5452 1908 5523 bot
1930 5453 2004 5522 utic
2026 5451 2163 5543 toufles,
2198 5451 2261 5521 bot
2283 5437 2343 5537 lid)

300 5530 366 5649 <tul
379 5529 645 5650 cumhabitum
662 5533 887 5625 splendidum
900 5534 1069 5618 vidisset,
1102 5534 1221 5627 ⁰⁰⁰1)st
1241 5534 1296 5603 ³¹¹·
1347 5551 1503 5646 doristus
1520 5551 1554 5643 lo
1569 5553 1630 5647 ticf
1643 5553 1718 5627 emb
1742 5556 1877 5647 oufietct
1900 5552 2182 5646 tritenhemius
2205 5549 2342 5642 gustes

299 5636 424 5702 srdmri
442 5661 517 5707 etus
534 5636 642 5719 vitae,
668 5661 744 5705 non
760 5660 955 5727 agnoscens
973 5662 1053 5716 eum
1072 5662 1192 5731 regem
1210 5662 1295 5710 esse.
1351 5709 1432 5719 ,Μ
1492 5711 1555 5722 ‚-

300 5733 392 5805 Filia
416 5752 535 5810 autem
558 5738 683 5809 rustici
707 5762 833 5844 ¹regem
862 5741 1095 5832 praemonuit
1124 5744 1168 5812 de
1202 5739 1296 5814 vitae
1383 5789 1433 5856 ω)
1450 5791 1516 5850 m]
1534 5789 1577 5840 stc
1595 5788 1714 5853 mm„
1738 5788 1823 5841 σθαι,
1847 5782 1981 5856 ,mm

297 5840 474 5930 periculo.
552 5839 701 5936 Vesperi
738 5866 824 5926 vero
855 5841 1009 5916 rusticus
1048 5841 1087 5915 in
1114 5868 1295 5918 canteram
1385 5873 1850 5944 consummaturum
