5534 6700
888 604 1011 680 XCIV.
1064 603 1392 679 GRAMMATICA
1423 603 1617 677 GRAECA
1650 603 1878 678 INTEGRA.

733 780 980 850 Articulus.

462 908 624 1008 ilpdpov
656 911 785 982 Graeci
820 912 864 981 ab
900 905 1028 1007 ἀρτύω
1064 911 1250 992 derivant,
1291 931 1354 979 au·

364 1027 443 1083 tore
470 1012 638 1082 Manuale
662 1011 921 1105 Moscbopulo,
960 1015 1058 1107 quod
1083 1009 1152 1083 hoc
1179 1011 1354 1081 orationis

363 1116 525 1185 membra
548 1111 782 1199 cohaereant,
816 1117 1006 1186 nominum
1031 1139 1132 1186 casus
1160 1138 1201 1183 ac
1223 1136 1353 1206 genera

363 1220 665 1303 internoscantur.
718 1217 861 1288 Minuta
877 1218 1053 1289 sermonis
1071 1217 1266 1310 particula,
1292 1217 1355 1286 sed

365 1321 520 1415 quamsi
537 1320 655 1402 tollas,
671 1316 763 1389 nihil
781 1334 917 1413 aptum,
938 1316 1029 1390 nibil
1044 1321 1237 1412 integrum,
1262 1313 1355 1386 nihil

363 1423 508 1493 sonabis
534 1423 673 1492 decens.
748 1423 799 1492 Ut
829 1423 923 1517 enim
954 1423 1112 1493 articulis
1149 1434 1355 1513 vegetamus

366 1524 530 1616 corporis
562 1525 717 1607 molem,
765 1525 815 1594 ita
846 1526 1004 1596 articulis
1032 1525 1206 1595 orationis
1235 1536 1355 1615 partes

365 1627 629 1697 discriminatae
659 1627 932 1718 compingimus.
994 1626 1140 1719 lgnorat
1164 1626 1354 1695 articulum

365 1730 516 1799 omnino
544 1727 860 1814 Latinussermo,
901 1753 1012 1824 quare
1040 1729 1179 1798 Latinis
1207 1729 1355 1797 vocibus

366 1832 472 1901 reddi
490 1843 553 1901 aot
568 1831 699 1923 exponi
713 1834 851 1926 nequit.
868 1880 870 1887 -
903 1831 995 1904 Nam
1014 1835 1112 1926 quod
1129 1829 1355 1923 grammatici

365 1933 555 2003 nominum
570 1934 866 2005 declinandorum
881 1936 1019 2006 casibus
1034 1935 1263 2017 addiderunt,
1283 1927 1355 2014 hic,

365 2030 472 2118 haec,
511 2030 600 2119 hoc,
642 2038 794 2106 docendi
826 2038 943 2129 gratia
973 2039 1108 2120 secere,
1150 2061 1225 2105 non
1256 2035 1355 2129 quod

365 2160 483 2208 sermo
499 2135 650 2217 Latinus
669 2135 736 2211 bos
758 2136 908 2210 baberet
933 2142 1113 2211 articulos.
1166 2137 1356 2209 Germani-

365 2264 427 2311 cus
448 2262 569 2311 sermo
591 2236 699 2313 habet
720 2243 931 2325 articulum,
967 2268 1032 2313 nec
1059 2241 1189 2314 Graeci
1215 2238 1356 2310 articuli

363 2341 438 2409 vim
462 2355 583 2410 exacte
606 2345 838 2433 cognoveris,
864 2345 934 2416 oisi
958 2371 1000 2414 ex
1020 2342 1239 2415 Germanico
1265 2342 1356 2411 idio-

363 2454 474 2511 mate.
500 2441 557 2511 De
574 2467 645 2534 qua
661 2468 700 2512 re
715 2446 819 2534 plura
834 2447 1047 2517 disseremus
1063 2449 1102 2515 in
1112 2443 1357 2515 Constructio-

363 2544 491 2623 nibus‚
530 2540 594 2609 ubi
617 2546 660 2611 de
683 2546 834 2614 articulo
858 2547 1036 2636 copiosius
1061 2569 1225 2636 agemus,
1260 2545 1358 2636 quod

363 2644 426 2712 vix
458 2666 478 2709 ἢ
513 2667 697 2734 quoquam
726 2646 866 2714 videam
898 2643 993 2716 hanc
1015 2647 1191 2727 sermonis
1217 2657 1358 2737 partem

270 2834 277 2843 ·
365 2746 473 2836 digne
490 2754 692 2813 tractatam.

467 2843 646 2915 Accidunt
661 2846 812 2916 articulo
828 2871 971 2939 genera,
995 2847 1248 2931 Masculinum,
1269 2847 1298 2915 F
1300 2870 1358 2917 oe·

367 2947 568 3030 mininum,
596 2947 786 3019 Neutrum.
877 3028 882 3041 ‚

468 3046 620 3147 Numeri
643 3063 734 3135 tres,
764 3050 982 3143 Singularis,
1012 3050 1158 3132 Dualis,
1192 3049 1358 3123 Pluralis.

366 3148 490 3220 Vincit
518 3151 614 3221 enim
636 3144 808 3223 Latinum
841 3177 1043 3224 sermonem
1066 3152 1176 3222 Duali
1206 3175 1358 3243 numero

369 3251 505 3324 Graeca
523 3255 639 3347 copia.

471 3354 582 3427 Casus
599 3370 775 3450 quatuor,
800 3355 1132 3448 Nominativusffl),
1158 3332 1372 3441 Genitivua,¹

370 3457 542 3541 Dativus,
567 3459 810 3531 Accusativus.
862 3459 954 3530 Nam
973 3458 1139 3528 Vocativi
1162 3461 1281 3531 nullus
1308 3473 1361 3530 est
1456 3495 1459 3500 ·

369 3559 557 3645 articulus,
582 3553 645 3632 s'ed
663 3563 739 3634 eius
753 3562 830 3632 vice
855 3561 992 3632 utimur
1011 3563 1183 3633 adverbio
1205 3562 1360 3632 vocandi

370 3654 413 3734 α’.
461 3662 631 3733 Ablativo
648 3665 799 3734 Graecia
817 3663 856 3756 in
871 3664 1079 3735 universum
1097 3677 1205 3734 caret.

471 3764 612 3834 Accidit
627 3780 663 3836 et
677 3769 801 3858 figura.
860 3764 952 3838 Sunt
968 3767 1064 3836 enim
1080 3767 1258 3860 simplices
1274 3764 1360 3834 arti-

372 3864 462 3950 culi,
491 3862 512 3938 ὁ
538 3862 561 3962 ἦ
586 3863 651 3960 τὸ,
683 3865 771 3964 ὅςὴ
798 3866 831 3942 ὃ.
1325 3941 1329 3950 ,

476 3967 676 4066 compositi
691 3959 778 4062 tte,
799 3973 897 4064 qnod
911 3966 1020 4040 habet
1036 3972 1108 4038 vim
1135 3971 1360 4040 demonstra·

371 4067 436 4137 tivi
449 4073 679 4161 pronominis
692 4073 778 4158 iste,
805 4071 913 4171 iicnep
926 4069 1019 4168 ἥπερ
1042 4069 1153 4170 ὅπερ,
1181 4071 1243 4165 qui
1268 4094 1360 4166 quae

373 4174 491 4264 quod,
518 4175 614 4244 idem
639 4176 754 4258 valet,
782 4180 878 4270 quod
900 4176 1050 4267 simplex
1070 4173 1110 4256 ὃς
1130 4172 1155 4269 ἢ
1178 4169 1220 4266 ὃ,
1253 4169 1361 4264 dcccc,

363 4273 597 4369 ¹quicunque,
643 4301 862 4372 quamquam
898 4290 933 4347 et
965 4301 1069 4371 saepe
1104 4301 1172 4369 pro
1207 4275 1360 4369 simplici

371 4385 576 4470 usurpetur.

675 4544 1053 4616 Declinationem

579 4664 692 4737 oculis
708 4661 776 4736 hac
792 4667 912 4737 tabula
929 4665 1155 4737 subiecimus.

864 4797 980 4875 ὃττῦ
1005 4806 1061 4898 τῷ
1085 4796 1153 4873 τὸν
1206 4798 1274 4869 llic

681 4901 792 4974 Masc.
863 4899 917 4976 coi
943 4906 1026 4976 τοῖν

590 5043 593 5047 ·
864 5005 900 5078 οἱ
925 5009 1004 5079 τῶν
1028 5007 1106 5086 τοῖς
1130 4998 1220 5085 τούς

437 5153 446 5170 ·
510 5155 519 5172 ·
861 5103 1140 5203 ἡτῆςτῇτὴν
1191 5104 1290 5174 llaec

368 5149 519 5274 miili
547 5180 652 5249 ΡΜ
681 5208 805 5280 Foem.
861 5205 909 5282 τὰ
932 5211 1019 5284 voa
1225 5239 1232 5246 ·

369 5269 527 5348 φωνὴ
666 5331 669 5338 “
863 5311 903 5384 αἱ
927 5318 1007 5384 τῶν
1031 5312 1113 5390 ταῖς
1136 5303 1206 5391 τὰς

861 5410 904 5486 τὸ
929 5418 999 5487 τοῦ
1024 5416 1080 5507 τῷ
1105 5407 1150 5483 τὸ
1203 5409 1282 5481 Hoc

862 5512 915 5587 το)
940 5517 1023 5588 τοῖν

860 5615 908 5689 τὰ
933 5622 1012 5691 τῶν
1035 5618 1114 5698 τοῖς
1137 5613 1187 5689 τὰ

681 5516 808 5590 Neutr.

364 5743 575 5762 -q———-.-..

401 5803 451 5872 Β)
467 5804 676 5870 nonarum]
692 5805 744 5858 ut.
761 5802 837 5857 atae.
855 5803 941 5854 aaa:
964 5801 1141 5854 nonnam.
1243 5835 1251 5844 -

452 6105 493 6168 ἢ

2347 614 2400 684 80

1894 777 1934 860 ὃς
1960 772 2007 853 οὗ
2033 769 2066 877 ᾧ
2091 777 2137 853 ὃν
2188 780 2316 877 Quifl)

1893 878 1948 953 ὢν
1974 878 2034 954 οἷν

1894 982 1930 1056 οἳ
1957 974 2013 1055 ὦν
2039 979 2095 1065 οἷς
2120 981 2185 1064 oc‘lc

1895 1075 1989 1179 aas
2013 1075 2038 1177 i
2063 1082 2167 1179 Μ)
2221 1084 2323 1178 Quae

1894 1184 1943 1260 ἃν
1968 1182 2035 1261 uir
2265 1218 2268 1225 ·

1893 1287 1935 1359 αἳ
1960 1278 2016 1362 air
2043 1285 2102 1370 αῖς
2127 1286 2188 1371 ἂς.

1895 1380 1989 1463 dod
2015 1380 2048 1486 ᾧ
2073 1389 2105 1462 ὃ.
2173 1390 2282 1483 Quod

1894 1487 2015 1564 ὣοῖν

1897 1588 1922 1664 ἃ
1949 1584 2004 1664 ὧν
2030 1588 2086 1675 οἷς
2111 1591 2204 1687 3⁶⁵).

1508 1710 1662 1781 Articuli
1701 1711 1891 1800 compositi
1918 1705 1982 1782 ὅδε
2006 1722 2043 1779 et
2068 1707 2175 1807 ὅςπερ
2204 1712 2395 1780 flectuntur

1407 1813 1498 1884 sicut
1515 1813 1714 1905 simplicia,
1739 1839 1814 1882 non
1829 1812 1976 1883 mutatis
1994 1808 2036 1885 de
2052 1825 2087 1881 et
2102 1840 2188 1909 περ,
2215 1825 2256 1881 ut

1457 1912 1523 1991 'cide
1549 1910 1661 1990 τοῦδε
1686 1912 1808 2010 τῷδε,
1841 1928 1876 1985 et
1899 1915 1950 1984 sic

1459 2015 1567 2115 όςπερ
1593 2008 1708 2112 οὗπερ
1734 2007 1835 2115 ᾧπερ
1862 2029 1928 2087 etc.

1459 2116 1651 2203 decrevero
1667 2133 1859 2214 utramque
1882 2119 2152 2209 compositionis
2175 2131 2315 2210 partem
2339 2120 2400 2187 dc·

1409 2221 1528 2294 clinat.
1590 2222 1712 2315 Quare
1740 2218 1799 2291 bic
1826 2223 1943 2291 obiter
1968 2216 2025 2302 τίς
2042 2220 2321 2306 declinabimus,
2355 2244 2399 2289 co

1409 2327 1508 2419 quod
1524 2328 1570 2397 ad
1592 2327 1782 2395 nominum
1806 2327 1960 2395 formam
1986 2347 2062 2392 non
2086 2325 2282 2397 admodum
2309 2345 2398 2417 qua*

1409 2429 1501 2498 dret.
1580 2426 1680 2497 Sicut
1711 2452 1779 2498 nec
1813 2428 2028 2503 vocabulum
2061 2427 2160 2519 quis,
2199 2427 2297 2517 apud
2328 2423 2399 2501 La-

1410 2527 1517 2597 tinos.
2061 2566 2068 2575 ·

1517 2623 1582 2708 Τίς
1605 2652 1686 2697 cum
1711 2644 1817 2701 acuto
1840 2657 1909 2703 vox
1934 2645 1988 2703 est
2002 2630 2267 2722 interrogandi,
2293 2625 2399 2721 quis?

1410 2742 1446 2799 et
1468 2729 1667 2799 declinatur
1688 2731 1727 2797 in
1753 2729 1849 2803 hunc
1873 2736 2043 2816 modum,
2080 2756 2227 2802 servans
2255 2743 2400 2801 acutum

1397 2831 1449 2899 in
1464 2830 1586 2921 priore
1603 2832 1752 2923 syllaba.

1462 2949 1598 3041 Singul.
1613 2949 1801 3020 Nominat.

1513 3126 1516 3131 Δ
1618 3051 1739 3122 Genit.

1617 3152 1702 3223 Dat.

1618 3258 1782 3326 Accusat.

1487 3360 1595 3430 Dual.
1615 3358 1800 3429 Nominat.

1618 3460 1738 3530 Genit.

1617 3562 1704 3633 Dat.

1617 3667 1781 3735 Accusat.

1463 3768 1598 3838 Plural.
1617 3766 1803 3838 Nominat.

1618 3868 1739 3939 Genit.

1618 3969 1702 4041 Dat.

1618 4073 1782 4144 Accusat.

1711 878 1770 946 Ma
1778 903 1824 949 sc.

1405 1132 1555 1202 Articuli
1590 1146 1685 1225 post-

1406 1235 1562 1329 positivi.
1711 1183 1835 1254 ΕΜ·

1713 1490 1838 1562 Neutr.

1906 2950 1963 3036 τίς

1904 3052 2007 3135 τίνος

1906 3155 1982 3230 τίνι

1904 3256 2004 3332 τίνα.

1905 3358 2015 3436 sira.

1860 3462 1863 3465 ’
1905 3459 2027 3536 τίνων

1906 3562 2028 3637 τίνων

1908 3663 1998 3738 cias.
2112 3693 2116 3698 ·

1907 3764 2005 3846 τίνες

1907 3865 2024 3940 τίνων

1905 3966 1981 4041 τίσι

1906 4067 2023 4152 τίνας.

1518 4206 1584 4294 Tic
1597 4193 1808 4300 cum'gravi,
1832 4204 2066 4298 postpositiva
2084 4202 2274 4295 particula,
2292 4201 2400 4295 signi·

1412 4318 1494 4386 licat
1521 4314 1688 4409 quidam,
1716 4320 1907 4402 servatque
1929 4307 2143 4377 declinando
2165 4318 2292 4378 tonum
2318 4328 2399 4398 gra·

1413 4442 1493 4488 vem
1521 4417 1560 4484 in
1584 4417 1667 4484 fine.
1721 4412 1911 4482 Caeterum
1937 4412 2054 4480 forma
2080 4405 2247 4478 flectendi
2272 4407 2398 4476 eadem

1322 4561 1324 4566 ·
1413 4536 1483 4604 est,
1510 4542 1602 4614 quac
1616 4516 1684 4586 luit
1699 4539 1820 4607 supra.

1463 4637 1599 4728 Singnl.
1614 4635 1801 4707 Nominat.

1618 4735 1739 4810 Genit.

1566 4845 1569 4850 ’
1618 4837 1704 4912 Dat.

1618 4941 1782 5012 Accusat.

1486 5047 1594 5119 Dual.
1612 5044 1797 5117 Nominat.

1567 5157 1571 5162 '
1615 5147 1737 5218 Genit.

1617 5239 1701 5319 Dat.

1617 5351 1780 5423 Accusat.

1906 4637 1964 4722 τὶς

1908 4736 2008 4816 τινὸς

1906 4837 1983 4914 τινὶ

1905 4935 2004 5016 τινά.
2074 4937 2077 4942 ’

1862 5049 1865 5058 ’
1904 5037 1982 5118 aare*

1904 5145 2026 5220 τινοῖν

1903 5247 2023 5343 τινοῖν

1905 5342 1994 5422 cavi.

1413 5518 1617 5530 ...ι-ο...-

1446 5587 1493 5655 aa)
1512 5590 1579 5654 out]
1597 5590 1639 5642 ,a
1655 5573 1744 5640 irasc.
1762 5585 1970 5648 issa-asna
1994 5581 2078 5634 utcu
2095 5579 2173 5635 aso.
2192 5591 2251 5644 sqq.
2270 5577 2347 5642 ouo.

1446 5692 1494 5760 tt)
1512 5685 1562 5757 it]
1579 5694 1631 5747 Et.
1648 5693 1725 5743 1618.
1742 5691 1829 5742 nata:
1852 5686 1891 5745 tr.

1447 5793 1494 5862 aa)
1511 5788 1546 5862 a]
1562 5796 1613 5848 sa.
1628 5794 1703 5847 asca.
1721 5795 1810 5846 nuo
1835 5785 1878 5851 a..

1568 6021 1589 6074 'S
