5534 6700
366 625 440 700 ⁷4⁹

363 797 673 866 accommodatam
686 791 746 888 π).
794 788 869 860 lam
892 794 937 862 de
957 806 1251 883 argumentorum
1275 820 1352 864 ma·

364 899 453 968 teria
478 895 758 988 praecipiemus,
785 917 877 987 quae
899 917 984 985 pars
1000 895 1139 964 invenit
1153 897 1353 982 materiem,

365 1024 436 1094 qua
454 999 597 1090 probes,
614 998 710 1090 quod
725 995 951 1087 propositum
966 1009 1029 1066 cst
1056 996 1352 1090 Quacsnperiore

363 1102 458 1170 libro
483 1099 614 1169 tradita
640 1110 742 1180 sunt,
768 1098 814 1165 ad
839 1097 1082 1167 inventionem
1107 1101 1252 1191 proprie
1277 1126 1351 1170 non

363 1203 565 1295 pertinent,
596 1201 657 1270 sed
682 1222 774 1293 quae
795 1199 869 1267 iam
891 1198 1037 1268 inventa
1063 1213 1146 1271 sunt
1168 1206 1351 1295 quomodo

365 1316 574 1385 connectas,
600 1302 741 1370 docent.
792 1299 889 1369 flacc
908 1325 994 1370 vero
1010 1304 1104 1371 unde
1120 1316 1232 1394 petas,
1254 1306 1351 1399 quod

363 1406 553 1496 dicendum
571 1414 641 1486 est,
667 1401 838 1472 indicant.
870 1401 921 1471 Ut
936 1403 1156 1473 aedificaturi
1175 1428 1257 1475 saxa
1276 1431 1352 1475 ma-

363 1507 562 1599 teriemque
578 1504 736 1596 primum
753 1516 977 1595 comparant,
995 1505 1123 1574 deinde
1141 1520 1352 1578 construunt

364 1619 407 1678 'ex
424 1607 502 1679 aliis
516 1608 605 1677 alias
619 1605 771 1675 aedilicii
786 1618 923 1698 partes:
950 1606 1000 1676 ita
1019 1606 1254 1699 disputaturi,
1278 1611 1351 1701 pri-

363 1735 484 1791 mum,
510 1710 608 1802 quod
628 1707 762 1791 dicant,
784 1721 979 1801 quaerunt;
1014 1709 1142 1805 deinde
1168 1725 1350 1803 repertum

364 1824 615 1902 argumentum
636 1812 853 1900 disponunt,
881 1810 1169 1902 syllogismorum
1187 1813 1352 1884 formulis

364 1912 678 1994 circumscribunt,
711 1905 986 2003 enthymematis
1007 1913 1189 1998 vinciunt,
1221 1939 1351 2007 epago-

364 2015 416 2106 gis
439 2027 589 2097 ornant,
616 2012 785 2104 exemplis
808 2012 1010 2098 illustrant,
1040 2016 1149 2086 sorite
1173 2018 1350 2088 muniunt.

364 2117 504 2210 Quare,
529 2115 560 2185 si
576 2118 672 2209 quod
688 2110 806 2183 thema
826 2117 1159 2207 pervestigandum,
1184 2118 1353 2212 proposi-

362 2230 438 2288 tu'm
455 2218 582 2300 luerit,
607 2220 666 2299 ut,
691 2215 786 2288 Num
800 2215 995 2288 liberalitas
1014 2215 1060 2291 sit
1074 2217 1233 2292 Iustitiae
1255 2246 1352 2314 pars,

362 2322 403 2389 ¹ut
419 2318 584 2389 Ciceroni
606 2319 767 2401 videtur,
791 2318 949 2409 primum
976 2321 1100 2392 alocis
1121 2337 1220 2415 petes
1237 2325 1281 2392 de
1296 2347 1352 2406 eo,

364 2421 451 2515 quid
475 2420 546 2490 dici
569 2420 699 2511 possit,
734 2419 862 2490 deinde
896 2423 1102 2495 aiormulis
1124 2437 1351 2516 argumento-

363 2546 464 2605 rum,
490 2524 673 2614 quomodo
698 2537 887 2594 connectas
914 2538 1170 2621 construasque
1193 2528 1351 2597 inventa.

362 2623 453 2716 Loci
474 2623 570 2692 enim
593 2636 677 2694 sunt
699 2623 796 2699 velut
810 2625 911 2717 signa
927 2629 1125 2718 quaedam,
1151 2630 1280 2724 quibus
1297 2653 1351 2696 re·

363 2750 465 2807 rum,
491 2749 585 2819 qnae
604 2724 675 2797 dici
698 2729 915 2820 tractarique
936 2728 1085 2813 debent,
1118 2733 1235 2824 capita
1260 2731 1353 2799 indi-

363 2840 502 2899 cantur.

464 3019 507 3094 ln
529 3025 629 3098 omni
652 3020 863 3118 argumento
886 3053 1007 3100 rerum
1022 3031 1204 3115 inventio,
1229 3045 1264 3101 et
1279 3032 1353 3123 pri·

362 3141 503 3219 maest,
529 3116 801 3227 et'dillicillinra.
833 3130 925 3202 Nam
944 3132 1158 3225 disponendi
1173 3134 1350 3203 rationem
1398 3187 1403 3195 .

362 3229 440 3323 ipsa
473 3230 546 3299 iere
582 3253 702 3299 rerum
740 3232 898 3302 conditio
933 3258 999 3325 per
1028 3260 1103 3306 sese
1129 3235 1351 3328 praescribit.

363 3330 487 3428 Quare
505 3330 805 3433 operaepretium
822 3346 887 3417 est,
910 3358 972 3434 ea,
997 3363 1087 3429 quae
1105 3338 1349 3409 inventionem

363 3433 556 3517 adiuvent,
594 3457 735 3504 summa
769 3459 852 3506 cura
888 3448 924 3504 et
948 3438 1136 3540 ¹diligentia
1173 3440 1350 3511 meditari.

868 619 945 694 vlt
997 620 1367 695 COMPENDIARIA
1391 620 1703 695 DlALEC'l'lCES
1728 620 1891 694 RATIO.

2315 624 2391 698 760

1679 792 1902 862 Locorum
1929 789 2110 862 divisio.

1507 930 1601 1000 'l'um
1626 931 1770 999 demum
1792 927 1968 996 videberis
1984 927 2097 1017 probe
2113 926 2298 998 adsecutus
2317 952 2391 999 esse

1404 1032 1521 1116 locos,
1560 1056 1639 1101 cum
1671 1031 1863 1120 intelliges,
1896 1029 2029 1120 inquo
2052 1023 2228 1111 themate,
2263 1029 2391 1123 quibus

1403 1132 1491 1204 locis
1511 1134 1666 1202 maxime
1687 1145 1843 1203 utamur.
1894 1129 2020 1222 Neque
2034 1129 2128 1198 enim
2145 1154 2268 1200 omnes
2284 1131 2391 1200 lucia

1404 1234 1596 1306 dialecticis
1620 1236 1763 1317 traditi,
1796 1236 1842 1301 ad
1865 1231 2048 1299 dialectica
2069 1227 2227 1323 themata
2245 1233 2391 1324 proprie

1403 1339 1603 1430 pertinent,
1628 1339 1688 1406 sed
1711 1359 1839 1427 magna
1863 1346 1965 1424 parte
1980 1329 2142 1404 rhetores
2157 1335 2193 1401 in
2211 1334 2392 1404 illustran-

1404 1442 1449 1508 da
1467 1439 1630 1509 oratione
1645 1450 1804 1508 utuntur.
1856 1434 2069 1504 Dialecticus
2084 1436 2207 1526 paucis
2220 1437 2307 1506 locis
2322 1437 2392 1507 uti·

1404 1553 1480 1626 tur,
1505 1541 1686 1625 finitione,
1712 1562 1859 1630 genere,
1883 1538 2018 1628 specie,
2044 1539 2224 1627 partibus,
2249 1538 2392 1625 caussis,

1405 1643 1558 1726 eventis,
1584 1666 1714 1733 nempe
1737 1666 1756 1710 a
1777 1640 1906 1734 quibus
1923 1640 2141 1709 necessariae
2160 1640 2392 1731 probationes

1404 1757 1585 1835 petuntur.
1647 1743 1740 1816 Nam
1780 1766 1859 1811 cum
1897 1740 1936 1809 in
1971 1738 2177 1811 universum
2209 1737 2278 1809 hoc
2310 1754 2392 1833 agat

1404 1845 1606 1928 dialectica,
1631 1859 1672 1916 ut
1694 1868 1802 1939 quam
1824 1843 2038 1921 certissima,
2065 1857 2100 1912 et
2124 1855 2298 1936 quatenus
2314 1843 2392 1912 fieri

1404 1959 1540 2039 potest,
1572 1947 1768 2017 necessaria
1798 1947 1943 2028 doceat,
1975 1945 2063 2015 locis
2091 1947 2237 2036 proprie
2265 1945 2418 2033 utitur„-

1405 2073 1423 2117 a
1441 2050 1570 2142 quibus
1584 2048 1781 2120 necessaria
1805 2058 2013 2136 argumenta
2033 2043 2275 2141 petuntur“):
2309 2042 2391 2114 rhe-

1402 2162 1522 2220 torum
1541 2164 1605 2235 est,
1622 2174 1728 2245 quam
1743 2149 1898 2218 maxime
1912 2148 2112 2240 probabilia
2129 2149 2259 2229 dicere,
2280 2170 2391 2241 quare

1404 2266 1439 2322 et
1454 2253 1694 2343 probabilium
1710 2253 1799 2322 locis
1813 2251 1938 2320 utitur.
1979 2250 2055 2321 Nos
2067 2272 2143 2319 rem
2161 2250 2270 2341 paulo
2286 2249 2391 2320 altius

1402 2367 1625 2445 repetemus,
1650 2353 1840 2423 indicaturi
1865 2364 1901 2420 et
1920 2348 2105 2423 rhetorum
2131 2364 2166 2420 et
2191 2351 2392 2420 dialectico·

1402 2479 1485 2525 rum
1505 2455 1615 2526 locos.
1666 2454 1922 2539 Probationes‚
1956 2455 2045 2523 aliae
2067 2453 2327 2538 inartificiales,
2352 2465 2392 2521 ut

1405 2579 1498 2650 quae
1521 2578 1540 2624 a
1562 2579 1728 2642 rumore,
1753 2556 1955 2638 atestibus,
1982 2580 2001 2622 a
2021 2557 2227 2642 tormentis,
2253 2555 2391 2623 atabu-

1403 2658 1447 2729 lis
1463 2659 1661 2738 ducuntur;
1689 2659 1778 2727 aliae
1804 2656 2003 2727 artificiales
2027 2671 2121 2727 sunt.
2172 2656 2250 2725 llae
2272 2656 2392 2745 signis,

1406 2761 1636 2851 argumentis,
1663 2773 1698 2829 et
1712 2760 1881 2850 exemplis
1896 2772 2071 2828 constant.
2100 2759 2192 2828 Nam
2209 2754 2265 2826 his
2279 2782 2392 2826 mem-

1404 2863 1478 2931 bris
1511 2863 1760 2953 probationem
1796 2859 2015 2929 artificialem
2052 2860 2297 2953 Quintilianus
2330 2859 2391 2926 ab·

1404 2964 1522 3034 solvit.

1773 3096 1835 3169 De
1867 3099 2020 3192 signis.

1509 3235 1616 3325 Signa
1633 3235 1680 3331 ⁸¹)
1707 3260 1812 3307 sensu
1837 3231 2054 3326 deprehensa
2084 3245 2248 3315 movent,
2288 3242 2392 3309 uter

1403 3339 1455 3410 eis
1478 3339 1575 3409 aliud
1603 3339 1773 3431 quiddam
1806 3339 2004 3429 colligatur.
2063 3337 2230 3406 Alienum
2261 3358 2392 3425 prope-

1404 3444 1551 3511 modum
1575 3436 1644 3508 hoc
1665 3442 1920 3531 probationum
1943 3464 2053 3529 genus
2078 3440 2122 3507 ab
2144 3449 2220 3505 arte
2239 3435 2391 3504 videtur.

363 3535 569 3628 scripturus
591 3559 627 3606 es
650 3519 836 3636 epistolam
861 3550 924 3608 aut
940 3541 1163 3624 orationem,
1188 3543 1352 3633 disputa·
1404 3543 1511 3636 Signa
1526 3542 1682 3633 dupiicia
1699 3555 1811 3626 sunt,
1827 3542 1896 3610 alia
1915 3540 2132 3624 necessaria,
2158 3550 2211 3620 ut,
2233 3536 2391 3627 Peperit,

364 3651 466 3708 turus
489 3661 525 3708 es
538 3639 582 3707 de
600 3637 706 3728 rebus
719 3634 993 3733 philosophicis,
1020 3646 1063 3711 de
1077 3642 1166 3714 iuris
1181 3643 1352 3728 articulis,
1403 3669 1479 3715 non
1499 3657 1552 3715 est
1571 3643 1682 3733 igitur
1704 3643 1824 3733 virgo;
1856 3638 2007 3713 Athenis
2025 3643 2112 3723 luit,
2139 3664 2219 3709 cum
2240 3638 2299 3707 ille
2319 3638 2392 3706 tto-

364 3739 409 3810 de
423 3737 552 3823 sacris,
575 3740 661 3835 quid
676 3739 808 3813 scribas
823 3757 886 3814 aut
902 3744 1019 3828 dicas,
1044 3746 1114 3815 loci
1128 3746 1351 3817 indicabunt.
1403 3771 1484 3816 mae
1500 3746 1733 3826 occideretur,
1757 3768 1832 3815 non
1848 3744 1977 3815 occidit
1993 3744 2113 3834 igitur.
2164 3742 2244 3810 Alia
2261 3741 2391 3832 proba-

362 3841 437 3912 Aut
452 3841 607 3910 alienam
623 3842 822 3914 orationem
839 3845 1058 3919 iudicaturus
1075 3873 1133 3931 es,
1155 3861 1249 3918 certe
1267 3872 1352 3917 con·
1403 3848 1509 3929 bilia,
1534 3860 1594 3930 ut,
1613 3846 1791 3937 Sepeliisti
1805 3848 1920 3929 solus,
1943 3848 2052 3936 igitur
2067 3844 2239 3916 occidisti.
2273 3845 2391 3935 Atque

363 3944 482 4016 silium
506 3943 581 4015 eius
601 3970 788 4040 nunquam
810 3944 1108 4040 deprehenderis,
1131 3949 1201 4022 nisi
1216 3963 1352 4042 specta-
1403 3946 1611 4020 huiusmodi
1623 3949 1734 4019 ferme
1750 3962 1804 4018 est
1817 3949 2058 4040 suspicionum
2074 3946 2239 4018 materies
2255 3945 2293 4012 in
2308 3969 2392 4013 con·

364 4047 477 4133 veris,
516 4048 644 4140 quibus
669 4047 789 4118 thema
819 4051 907 4121 locis
934 4052 1112 4123 munitum
1137 4054 1194 4123 sit.
1254 4052 1350 4121 Tota
1403 4052 1643 4122 iecturalibus.
1700 4051 1887 4144 Quaedam
1918 4052 2004 4121 item
2036 4051 2137 4140 signa
2159 4048 2390 4139 praecedunt,

364 4150 459 4218 enim
477 4150 529 4219 vis
546 4150 764 4221 inventionis
779 4151 818 4219 in
833 4153 921 4223 locis
934 4156 1049 4245 posita
1067 4168 1138 4239 cst,
1165 4154 1352 4250 exquibus
1404 4155 1580 4248 quaedem
1605 4152 1644 4221 in
1666 4177 1742 4223 rem
1774 4166 2005 4245 praesentem¹
2028 4154 2180 4232 cadunt,
2204 4150 2390 4243 ,quaedum

364 4278 428 4325 ceu
442 4252 600 4324 fontibus
614 4254 731 4323 oratio
748 4256 875 4325 deduci
893 4257 993 4329 solet.
1024 4254 1066 4327 ln
1081 4259 1182 4327 omni
1195 4253 1351 4326 themate
1403 4257 1687 4350 subsequuntur,
1728 4279 1820 4348 quae
1850 4255 1970 4325 omnia
2006 4254 2042 4321 in
2072 4248 2255 4342 proposita
2283 4272 2391 4342 quae-

364 4360 540 4449 quacdam
557 4369 787 4446 argumente,
812 4357 889 4449 ipsa
908 4360 1028 4429 statim
1044 4373 1174 4430 natura
1190 4360 1351 4451 ingenio-
1403 4360 1518 4429 stione
1531 4358 1721 4447 diligenter
1738 4357 1993 4427 consideranda
2010 4367 2105 4426 sunt.
2154 4353 2279 4445 Neque
2294 4350 2389 4420 enim

363 4458 413 4529 sis
430 4454 635 4530 hominibus
651 4460 825 4551 suggerit,
850 4463 912 4532 sed
928 4485 1055 4551 pauca,
1081 4486 1173 4556 quae
1188 4463 1351 4533 munieu·
1403 4462 1514 4531 ullum
1534 4486 1597 4551 per
1612 4484 1685 4529 sese
1704 4461 1844 4549 signum
1862 4459 1976 4541 valet,
2002 4459 2064 4527 sed
2084 4456 2195 4524 multa
2218 4455 2255 4521 in
2277 4477 2388 4522 unum

363 4563 424 4643 da,
449 4563 654 4632 exornanda
670 4575 706 4632 et
719 4563 968 4653 amplificanda
985 4578 1070 4635 sunt
1082 4565 1239 4656 plurium
1255 4566 1351 4635 loco·
1404 4577 1589 4654 congesta,
1622 4561 1850 4632 verisimilem
1882 4560 2132 4651 probationem
2160 4556 2318 4625 efficiunt
2330 4552 2391 4650 ⁸⁹).

363 4688 445 4731 rum
470 4661 705 4743 adminiculis.
751 4664 909 4734 Adiuvat
928 4667 1022 4734 enim
1043 4691 1101 4737 ars
1116 4681 1281 4737 naturam
1291 4666 1352 4758 ⁷⁸),
1402 4665 1693 4757 Apraecedenti,
1719 4676 1771 4745 ut,
1792 4662 1867 4732 lam
1885 4664 1972 4740 olim
1988 4662 2176 4733 insidiatus
2194 4671 2246 4730 est
2260 4657 2389 4726 Miloni
2445 4687 2448 4692 ·

365 4790 445 4835 cum
472 4765 510 4831 in
535 4765 710 4858 plerisque
735 4768 835 4851 aliis,
858 4781 937 4837 tum
954 4769 1108 4839 maxime
1126 4770 1164 4837 in
1186 4771 1351 4841 dicendo.
1404 4768 1568 4848 Clodius,
1594 4780 1635 4836 ut
1654 4778 1808 4834 constat:
1837 4765 2022 4856 probabile
2040 4763 2236 4853 igiturest,
2262 4774 2297 4828 et
2313 4783 2390 4840 mo-

363 4867 412 4936 Et
445 4892 464 4935 e
492 4866 684 4937 dialecticis
711 4869 798 4940 locis
831 4870 990 4954 exoritur
1021 4896 1083 4941 cen
1113 4873 1212 4942 fonte
1248 4875 1349 4961 copia
1403 4873 1451 4940 do
1476 4868 1683 4940 insidiatum
1707 4891 1791 4938 esse.
1843 4868 1899 4936 Ab
1923 4867 1986 4950 iis,
2018 4889 2111 4958 quae
2132 4864 2170 4932 in
2190 4886 2265 4937 rem
2288 4886 2390 4951 prae-

365 4969 680 5067 orationis,hquae
696 4984 841 5044 eatenus
855 4976 901 5040 ad
917 4974 1031 5042 animi
1043 4974 1216 5045 iudicium
1230 4974 1352 5042 vocari
1403 4985 1538 5042 sentem
1561 4974 1711 5053 cadunt,
1736 4982 1794 5051 ut,
1819 4971 1989 5039 Armatus
2008 4967 2154 5036 Clodius
2175 4977 2272 5048 erat,
2297 4963 2391 5031 iner-

364 5085 502 5163 potest‚
534 5083 710 5164 quatenus
734 5096 753 5141 e
777 5075 864 5144 locis
895 5075 1086 5146 dialecticis
1120 5076 1277 5153 nascitur
1292 5076 1351 5170 π).
1405 5075 1472 5144 mis
1489 5086 1524 5142 et
1538 5073 1730 5165 impeditus
1743 5071 1846 5156 Milo,
1857 5069 2044 5162 probabile
2063 5081 2114 5140 cst
2131 5066 2251 5158 igitur,
2274 5064 2391 5136 aClo-

364 5172 439 5242 Iam
464 5173 587 5262 copiae
608 5173 785 5242 rationem
809 5201 917 5268 quam
941 5177 1106 5247 facillime
1125 5182 1352 5273 adsequetur,
1404 5177 1465 5246 dio
1489 5174 1620 5244 Miloni
1649 5175 1796 5245 insidias
1829 5176 1951 5243 iactas.
2019 5173 2053 5240 A
2082 5168 2391 5261 consequentibus,

365 5276 430 5368 qui
449 5278 495 5342 ad
513 5289 662 5355 naturae
681 5277 797 5347 fontes
814 5279 1002 5349 revocarit.

399 5543 576 5663 trporsnnot.
599 5556 704 5610 merge
738 5544 804 5596 boot
830 5545 935 5598 indices
959 5552 1023 5600 sunt
1046 5548 1180 5601 materies
1203 5560 1352 5615 argumen-

481 5628 542 5666 1111..

399 5703 451 5776 wi
467 5720 568 5767 Annot.
587 5688 692 5781 marg:
717 5717 772 5765 Ars
788 5713 981 5766 adminiculum
998 5720 1122 5770 neturus.

399 5818 449 5879 79)
465 5823 567 5872 Anum
583 5830 700 5884 urg-c.
716 5818 800 5869 usuc
816 5818 918 5881 coptu.
929 5818 1000 5871 lecit
1017 5822 1152 5877 nsum.

1404 5292 1465 5362 ut,
1489 5278 1675 5369 Profugit,
1706 5275 1894 5367 probabile
1914 5287 1966 5345 est
1988 5274 2118 5364 igitur,
2152 5270 2269 5341 caedis
2288 5294 2390 5338 reum

1406 5406 1492 5452 esse.
1544 5380 1622 5449 Huc
1644 5380 1782 5449 occasio
1803 5378 1976 5469 pertinet,
2001 5380 2085 5444 item
2106 5398 2198 5468 quae
2213 5397 2291 5463 spes
2307 5395 2391 5439 con-

1440 5547 1488 5647 80)
1507 5582 1608 5632 Annot.
1628 5593 1731 5645 marg:
1762 5581 1845 5631 notes
1868 5578 2042 5629 necessariae
2065 5574 2242 5641 probationes
2265 5570 2393 5626 ttdsott·

1474 5662 1523 5700 oue
1541 5665 1556 5699 s
1577 5653 1615 5700 nt.

1438 5734 1489 5800 st)
1506 5665 1609 5790 sulec
1619 5746 1725 5802 netu:
1750 5736 1852 5801 signe,
1870 5733 2026 5786 rhetortose
2043 5731 2237 5796 protectores.
2343 5802 2348 5811 ι

1440 5819 1491 5886 ⁸2)
1509 5825 1609 5873 Annot.
1626 5832 1732 5887 marg:
1757 5822 1845 5887 siguo
1860 5820 2027 5871 cowervsts
2044 5818 2170 5871 nourttlt
2187 5818 2314 5881 proteus
