5534 6700
275 637 347 711 461
473 632 516 707 ll.
568 632 891 707 EXHORTATIO
916 629 1315 722 MAXlMlLlANlAD
1342 628 1545 701 BELLUM
1573 627 2105 739 rnu0181ttFEuENnuM.
2229 633 2306 710 462

274 820 466 926 postquam
492 806 530 875 in
553 807 665 877 literis
688 808 884 898 significavi
910 831 975 876 uos
998 808 1042 876 de
1056 808 1151 876 hello
1172 806 1266 875 Tur·
1321 826 1526 895 provincias
1541 802 1744 873 ancarum
1758 807 1996 886 traducerem
2010 827 2196 895 nunquam
2213 817 2310 892 post·

278 912 353 980 eico
370 921 513 980 acturos
528 934 620 980 esse
646 909 1116 1026 ιιιὶιειιιιιιιίιοιοιὶιιιοι
1137 905 1298 1009 (utde-
1321 909 1432 975 'eade
1457 902 1638 976 bochello
1662 907 1820 997 cogitare
1844 907 1944 976 desii.
1997 908 2142 976 Actum
2164 905 2309 998 quidem
2411 990 2414 995 ι

276 1026 331 1082 cet
356 1012 533 1103 sapientes
557 1012 761 1104 Principes,
798 1024 832 1079 et
856 1012 953 1081 viros
977 1011 1207 1107 fortissimos)
1235 1021 1270 1079 et
1322 1010 1461 1080 occasio
1486 1013 1740 1099 percommoda
1764 1021 1842 1079 erat
1863 1005 1969 1079 huius
1984 1033 2035 1076 rer
2027 1008 2311 1098 suscipiendae.

276 1116 488 1206 intelligere,
506 1115 1178 1208 quidavobistotusorbisterrarum,
1189 1114 1268 1183 uni-
1320 1111 1413 1182 Nam
1446 1125 1528 1203 post
1549 1106 1746 1180 Mahometi
1779 1125 1933 1180 mortem
1957 1135 2086 1202 magna
2111 1112 2155 1178 de
2177 1134 2312 1182 succes·

275 1242 379 1288 versa
398 1213 530 1287 Christi
547 1215 724 1300 Ecclesia,
750 1216 904 1307 dignitas
923 1213 1029 1287 huius
1047 1215 1192 1307 lmperii
1213 1239 1270 1284 re·
1321 1215 1422 1287 sione
1439 1215 1533 1284 inter
1547 1215 1674 1286 fratres
1691 1215 1869 1285 discordia
1888 1227 1976 1283 erat.

276 1321 413 1414 quirat:
451 1331 486 1386 et
517 1319 657 1389 animos
685 1331 822 1389 vestros
846 1344 887 1388 ea
911 1320 1043 1389 virtute
1066 1343 1107 1387 ac
1128 1318 1270 1388 fortitu·
1425 1317 1574 1388 Sisimus
1595 1318 1702 1386 etiam
1718 1318 1829 1388 armis
1844 1318 2014 1385 invadere
2034 1339 2183 1406 regnum
2206 1339 2312 1383 cona-

276 1423 361 1492 dine
386 1420 567 1512 praeditos
591 1445 685 1504 esse,
724 1435 765 1491 ιιι
791 1422 923 1493 bellum
951 1423 1136 1504 omnium,
1178 1443 1270 1514 quae
1322 1425 1440 1492 batur.
1492 1419 1614 1512 Quare
1643 1420 1681 1487 in
1708 1416 1763 1490 his
1788 1420 1982 1511 provinciis
2005 1442 2080 1487 uon
2102 1419 2186 1488 satis
2208 1420 2313 1487 firma

278 1549 438 1618 unquam
460 1525 625 1607 fuerunt,
658 1525 889 1596 iustissimum
912 1539 947 1593 et
974 1523 1268 1615 gloriosissimum
1323 1521 1500 1616 praesidia
1525 1535 1645 1591 erant:
1676 1535 1711 1590 et
1734 1535 1775 1591 ut
1796 1534 1971 1615 quantum
1997 1545 2158 1612 possem,
2191 1521 2313 1612 provi·

279 1625 446 1696 omnibus
465 1627 557 1697 votis
573 1627 756 1718 expetatis.
834 1657 838 1663 ·
1029 1655 1031 1658 ’
1323 1631 1468 1709 decem,
1493 1649 1540 1694 ne
1560 1625 1623 1719 qui
1643 1624 1830 1695 domestici
1856 1638 1974 1695 motus
1997 1648 2064 1694 nos
2086 1647 2313 1693 remoraren-

377 1727 503 1819 ‚Quare
526 1729 689 1799 existimo
713 1724 803 1798 mihi
825 1753 901 1798 non
916 1730 1024 1821 longa
1042 1728 1206 1798 oratione
1225 1729 1271 1797 ad
1324 1743 1403 1812 tur,
1429 1728 1542 1819 legem
1563 1729 1608 1796 de
1631 1740 1746 1797 vestra
1770 1727 1946 1797 sententia
1969 1726 2056 1809 tuli,
2091 1727 2129 1794 in
2153 1727 2313 1820 quodam

279 1855 343 1900 vos
359 1830 561 1902 incitandos
576 1857 666 1924 opus
683 1857 769 1916 esse,
795 1845 830 1901 et
848 1833 1136 1923 expectariame
1151 1830 1271 1924 potius
1324 1845 1522 1914 conventu,
1559 1833 1603 1901 de
1630 1854 1718 1920 pace
1747 1829 1945 1899 decennali.
2005 1828 2140 1897 Verum
2168 1829 2231 1922 qui
2255 1853 2313 1898 me

279 1933 462 2002 classicum
486 1937 531 2005 ad
546 1935 731 2004 inferenda
748 1935 869 2025 signa,
896 1960 1004 2028 quam
1022 1932 1169 2004 hancin
1188 1946 1270 2024 toga
1322 1931 1413 2004 haec
1434 1946 1621 2025 parantem
1645 1931 1773 2005 fluctus
1795 1933 1913 2004 subito
1938 1931 2166 2023 exceperunt!
2218 1931 2315 2001 Galli

279 2048 315 2103 et
336 2034 374 2103 in
399 2036 497 2105 curia
520 2033 824 2108 adhortationem.
876 2035 945 2106 Sed
962 2050 1083 2106 tamen
1097 2036 1181 2106 belli
1196 2060 1272 2104 ma·
1323 2061 1399 2107 non
1421 2036 1537 2107 solum
1560 2059 1617 2104 me
1634 2037 1678 2102 de
1694 2036 1916 2127 possessione
1932 2033 2165 2126 Burgundioe
2182 2057 2246 2125 per
2261 2058 2315 2104 se·

279 2137 429 2226 gnitudo
451 2152 488 2208 et
509 2140 697 2210 difficultas
719 2140 876 2232 primum
904 2140 1160 2210 deliberatione
1183 2163 1272 2232 qua·
1323 2139 1498 2208 ditionem
1525 2138 1677 2209 deiicere
1694 2140 1812 2207 conati
1830 2151 1933 2222 sunt,
1957 2137 2142 2208 sedetiam
2160 2162 2241 2206 meo
2257 2160 2314 2206 ca·

279 2243 362 2308 dam
385 2254 482 2330 eget,
508 2266 584 2311 non
607 2256 730 2312 utrum
745 2243 792 2314 sit
806 2244 1055 2323 inferendum.
1096 2242 1189 2313 Nam
1206 2240 1272 2312 etsi
1322 2243 1390 2333 piti
1405 2241 1553 2312 insidias
1568 2265 1636 2336 per
1653 2266 1833 2312 summum
1847 2242 1960 2312 scelus
1978 2253 2195 2312 struxerunt.

278 2338 399 2412 hostes
422 2366 489 2413 nos
507 2346 601 2414 bello
618 2369 694 2413 non
708 2346 942 2428 lacesserent,
968 2368 1042 2415 non
1057 2344 1095 2414 in
1110 2342 1272 2414 finitimis
1427 2344 1557 2414 Postea
1572 2344 1696 2427 ltalia,
1722 2339 1815 2438 quae
1833 2345 2006 2436 proximis
2021 2343 2125 2414 annis
2141 2340 2316 2434 singulari

279 2443 387 2524 locis,
414 2457 449 2512 et
475 2470 588 2537 paene
611 2448 649 2514 in
665 2461 856 2538 conspectu
872 2460 997 2517 nostro
1013 2458 1273 2538 grassarentur,
1324 2446 1474 2517 consilio
1496 2446 1610 2536 patris
1623 2446 1698 2515 mei
1717 2460 1841 2538 pacata
1858 2448 1995 2530 fuerat,
2021 2447 2150 2516 iterum
2167 2444 2316 2517 Gallicis

280 2558 404 2613 tamen
430 2549 593 2638 oportuit
616 2572 682 2619 nos
696 2549 849 2618 liberare
863 2551 1005 2618 orbem
1008 2562 1187 2618 terrarum
1205 2543 1273 2616 hac
1325 2548 1437 2618 armis
1458 2548 1667 2666 perturbata
1689 2563 1753 2620 est.
1805 2549 1900 2619 Nam
1924 2549 2089 2641 proximo
2113 2572 2209 2618 anno
2233 2559 2316 2639 post

281 2647 549 2717 crudelissima·
540 2664 649 2751 atque
664 2651 776 2743 impia
790 2651 975 2736 barbarie,
1001 2665 1037 2720 et
1056 2677 1099 2722 ex
1115 2650 1273 2723 miserri-
1323 2663 1478 2719 mortem
1506 2649 1619 2742 patris
1649 2652 1737 2733 mei,
1773 2651 1923 2722 Carolus
1945 2649 2037 2722 Vlll.
2065 2676 2147 2720 curn
2178 2650 2317 2742 ingenti

279 2773 340 2817 rna
356 2749 525 2819 servitute
542 2765 596 2821 tot
614 2755 777 2824 nationes
795 2778 982 2845 oppressas
999 2754 1151 2846 eripere.
1202 2754 1272 2822 Sed
1325 2752 1482 2822 exercitu
1508 2755 1640 2822 bonam
1663 2703 1786 2821 ltaliae
1816 2767 1954 2845 partem
1985 2749 2164 2822 hostiliter
2189 2777 2317 2844 perva-

280 2851 369 2921 illud
403 2853 674 2924 deliberandum
713 2869 784 2937 est,
826 2880 906 2925 cum
935 2869 1057 2925 tantae
1084 2858 1160 2925 sint
1187 2879 1273 2946 opes
1324 2869 1426 2947 gatus
1450 2867 1514 2925 est.
1565 2854 1709 2924 Etenim
1735 2880 1810 2924 non
1834 2858 1944 2925 modo
1963 2855 2241 2948 Neapolitanum
2260 2878 2317 2923 re-

281 2979 324 3021 ac
347 2953 441 3025 vires
465 2955 610 3026 Turcici
630 2959 751 3047 regni,
783 2982 862 3026 cum
888 2961 1061 3028 exercitus
1077 2959 1115 3026 in
1130 2958 1273 3048 lougin·
1324 2981 1435 3048 gnum
1459 2981 1634 3049 occupare
1656 2960 1875 3042 conabatur,
1901 2960 1962 3028 sed
1980 2972 2015 3028 et
2028 2958 2316 3029 Mediolanenses

281 3080 371 3150 quas
401 3059 564 3147 regiones
594 3059 825 3141 traducendi,
866 3084 948 3129 cum
977 3062 1138 3132 fortassis
1160 3059 1273 3152 pluri-
1323 3060 1419 3129 bello
1437 3061 1585 3130 adortos
1605 3073 1669 3131 est.

280 3159 347 3229 bus
375 3160 462 3230 locis
489 3174 524 3229 et
547 3163 657 3253 longo
681 3175 843 3253 tempore
865 3163 999 3232 bellum
1024 3165 1184 3234 futurum
1211 3162 1270 3244 sit,
1430 3162 1511 3255 Qua
1535 3186 1576 3232 ex
1600 3187 1638 3231 re
1661 3163 1899 3233 animadverti
1927 3163 2065 3255 potuit,
2098 3189 2179 3233 eum
2206 3127 2317 3234 totius

282 3262 427 3356 quantis
451 3287 542 3356 opus
563 3265 611 3333 sit
630 3264 764 3356 copiis,
790 3288 837 3332 an
854 3290 925 3335 ona
940 3266 1154 3335 Germanica
1171 3264 1272 3334 natio
1323 3261 1448 3334 ltaliae
1479 3265 1762 3335 dominationem
1795 3267 1862 3336 sibi
1890 3266 2064 3358 polliceri.
2124 3264 2249 3360 ltaque
2282 3276 2319 3335 et

281 3377 403 3435 tantos
439 3368 613 3437 conficere
653 3368 846 3450 exercitus,
887 3369 1041 3439 tolerare
1075 3383 1215 3440 sumtus
1229 3366 1274 3465 ¹)
1325 3368 1407 3439 misi
1429 3369 1593 3438 auxilia
1583 3394 1622 3437 m
1645 3366 1783 3439 ltaliam
1812 3372 1856 3438 ad
1881 3372 2122 3439 defendendas
2142 3368 2317 3440 Mediola-

282 3491 407 3550 arma,
440 3493 570 3587 equos,
595 3469 835 3561 stipendium,
861 3485 1082 3543 commeatus
1107 3472 1274 3591 suppedi-
1324 3495 1452 3543 nenses
1476 3484 1600 3540 contra
1619 3471 1785 3553 Gallum,
1816 3486 1851 3541 et
1873 3497 1915 3541 eo
1938 3472 2130 3541 exercitum
2154 3471 2229 3562 ipse
2255 3471 2317 3540 ad·

283 3582 361 3639 tare
385 3572 516 3662 possit;
557 3598 622 3666 qus
609 3572 776 3665 Reges,
814 3577 876 3667 qui
905 3576 1030 3666 populi
1057 3576 1103 3644 ad
1124 3574 1274 3645 societa-
1324 3574 1423 3645 eluxi.
1473 3575 1531 3645 ad
1546 3568 1634 3644 haec
1650 3574 1902 3656 incommoda,
1928 3575 2102 3644 tumultus
2119 3571 2317 3664 Hungarici
2416 3599 2421 3610 ·

282 3685 354 3742 tem
379 3668 486 3744 huius
512 3675 749 3766 pulcerrimae
774 3676 922 3745 militiae
947 3677 1095 3768 adiungi
1117 3677 1274 3770 possint;
1325 3680 1451 3746 eodem
1487 3678 1560 3745 fere
1593 3691 1754 3766 tempore
1786 3678 2013 3747 accedebant.
2071 3677 2200 3747 Postea
2229 3678 2316 3745 dum

282 3798 330 3844 an
354 3776 404 3844 ita
427 3776 466 3845 in
484 3775 631 3869 Europa
657 3803 726 3869 pax
746 3779 936 3849 constituta
962 3781 1028 3863 sit,
1058 3803 1103 3848 ne
1127 3804 1205 3862 me,
1238 3793 1274 3849 et
1326 3793 1405 3848 orta
1422 3780 1513 3847 bella
1530 3778 1716 3896 undique
1706 3803 1744 3847 m
1759 3778 1954 3849 Germania
1972 3794 2008 3848 et
2022 3778 2139 3863 ltalia
2167 3778 2316 3849 consilio

283 3901 347 3949 vos
381 3903 424 3948 ex
454 3880 574 3948 medio
605 3906 710 3951 cursu
741 3895 910 3950 revocent
940 3834 1104 3952 honiines
1133 3882 1275 3973 perfidi,
1326 3895 1433 3999 atque
1456 3882 1566 3951 armis
1588 3883 1714 3952 sedare
1736 3885 1916 3952 contendo
1947 3881 2004 3975 (ut
2026 3884 2230 3975 postulabat
2255 3906 2317 3951 ne·
2345 3947 2348 3952 ,

281 3980 367 4074 qni,
397 3995 439 4051 ιιι
462 4006 568 4074 saepe
591 3996 695 4053 antea
715 3972 862 4068 accidit,
889 3987 945 4054 vel
969 4010 1032 4076 per
1048 3987 1272 4055 occasionem
1325 3984 1467 4055 cessitas
1484 3984 1644 4077 publica)
1668 3985 1813 4068 diutius,
1837 4011 1944 4080 quam
1961 3986 2146 4067 volebam,
2173 3985 2317 4053 differre

281 4105 458 4176 occupare
493 4098 616 4156 nostra
651 4088 897 4171 conabuntur,
931 4090 1009 4156 vel
1019 4089 1116 4179 turpi
1151 4088 1273 4181 aliqua
1326 4087 1514 4157 consilium
1529 4089 1573 4155 de
1590 4091 1769 4158 movendo
1785 4088 1940 4158 Turcico
1955 4089 2049 4157 bello
2067 4100 2209 4157 coactns
2224 4109 2316 4157 sum.

281 4210 363 4256 cum
370 4183 548 4258 hostibus
572 4190 738 4279 pactione
761 4191 873 4272 facta,
908 4203 1087 4272 metuent,
1119 4216 1164 4259 ne
1185 4192 1274 4262 fines
1427 4190 1496 4259 Sed
1520 4204 1694 4284 quantum
1714 4191 1872 4262 iudicare
1888 4215 2052 4282 possum,
2076 4190 2248 4260 divinitus
2266 4188 2316 4258 ita

280 4285 428 4380 lmperii
449 4293 684 4382 proferamus.
1325 4317 1382 4363 res
1396 4306 1549 4363 extracta
1569 4307 1632 4364 est.
1671 4293 1764 4365 Nam
1782 4306 1817 4362 et
1832 4306 1974 4385 tempus
1988 4293 2146 4376 interea,
2173 4304 2209 4361 et
2228 4287 2316 4361 haec

376 4388 518 4464 'De'his
532 4396 650 4465 'rebus
672 4394 745 4465 scio
768 4420 788 4461 a
804 4419 862 4463 me
876 4394 1013 4489 requiri
1031 4395 1231 4464 orationem
1252 4417 1273 4465 ι
1323 4396 1418 4466 bella
1442 4396 1598 4486 afferunt
1620 4398 1725 4467 nobis
1749 4420 1915 4487 magnam
1938 4396 2143 4466 facultatem
2166 4407 2202 4464 et
2219 4419 2315 4464 corn-

275 4493 519 4588 prudentibus
545 4498 723 4570 omnibus.
764 4496 867 4576 ,Nam
895 4521 953 4566 me
974 4498 1120 4591 quidem
1142 4500 1180 4567 in
1202 4493 1273 4568 boc
1325 4500 1432 4570 moda
1459 4501 1504 4567 ad
1530 4498 1722 4569 Turcicum
1747 4499 1892 4571 bellum.
1951 4498 2090 4570 Partim
2116 4498 2212 4568 enim
2232 4509 2317 4569 sunt

279 4594 430 4689 lmperii
450 4599 608 4691 fastigio,
640 4625 716 4669 non
736 4601 852 4689 solum
878 4600 916 4669 in
937 4600 1013 4669 acie
1036 4602 1162 4669 ducem
1185 4624 1273 4685 esse,
1324 4601 1453 4671 domiti
1468 4600 1579 4672 armis
1592 4598 1652 4685 hi,
1677 4626 1832 4696 quorum
1849 4602 2047 4694 potentiam
2065 4604 2227 4672 absentes
2243 4602 2316 4670 lor-

278 4703 343 4772 aed
366 4701 482 4770 multo
502 4704 614 4794 magis
637 4700 744 4773 huius
765 4703 900 4795 publici
921 4703 1062 4775 consilii
1076 4706 1202 4773 ducem
1220 4715 1273 4773 at·
1323 4704 1496 4774 midaturi
1521 4728 1675 4778 eramus.
1727 4704 1938 4797 Hispaniam
1962 4731 2003 4774 ac
2018 4704 2197 4797 Neapolin
2218 4715 2317 4773 tenet

281 4827 352 4898 que
383 4815 546 4874 autorem
574 4830 648 4877 esse
671 4807 850 4877 convenit.
909 4805 1034 4900 Quare
1058 4806 1128 4877 nisi
1151 4808 1196 4876 de
1216 4800 1273 4896 bis
1325 4806 1476 4877 Carolus
1500 4832 1599 4875 meos
1623 4831 1754 4897 nepos;
1784 4807 1993 4898 Burgundia
2020 4821 2095 4877 tota
2120 4806 2315 4900 tranquilla

279 4907 391 4997 tantis
411 4910 538 4992 rebus,
563 4909 626 4979 diu
647 4910 872 5003 multumque
896 4922 950 4978 tot
973 4908 1044 4977 iam
1062 4910 1273 4981 exercitatus
1325 4923 1395 4990 est;
1420 4909 1563 4979 Gallum
1578 4908 1683 4978 nobis
1697 4909 1869 4979 beneficio
1884 4935 1924 4979 ac
1938 4913 2081 4980 foedere
2098 4910 2317 4993 devinctum,

278 5008 404 5093 bellis,
436 5023 472 5080 et
502 5034 633 5101 magna
661 5012 829 5083 fortunae
854 5011 1026 5081 varietate
1050 5012 1273 5103 cogitassem,
1324 5013 1371 5081 ad
1387 5012 1594 5081 societatem
1608 5012 1704 5094 belli,
1722 5026 1762 5082 ut
1777 5037 1895 5104 spero,
1913 5014 2159 5104 adiungemus.
2194 5012 2316 5105 Quare
2424 5015 2438 5051 '-

278 5113 443 5203 profecto
477 5110 756 5205 reprehensione
790 5114 952 5185 omnium
986 5114 1115 5205 dignus
1148 5140 1272 5187 essem.
1324 5128 1457 5184 certam
1500 5114 1796 5209 tranquillitatem
1837 5117 1936 5185 domi
1969 5118 2180 5208 promittere
2212 5114 2317 5186 nobis

278 5213 352 5284 Sed
375 5211 464 5285 mihi
490 5218 644 5301 credite,
670 5242 750 5286 cum
767 5212 818 5287 'ab
840 5217 1008 5310 auspiciis
1032 5217 1140 5301 meis,
1166 5241 1273 5286 recu·
1322 5242 1524 5310 possumus.

278 5330 405 5409 perata
432 5320 598 5403 Austria,
631 5333 713 5411 post
744 5334 898 5390 mortem
932 5319 1041 5413 Regis
1066 5320 1272 5439 llungariae
1430 5320 1508 5389 lloc
1539 5334 1646 5413 caput
1668 5336 1721 5392 est
1745 5320 1893 5412 negotii.
1951 5321 2043 5394 Nam
2069 5321 2208 5416 reliqua
2232 5343 2317 5412 pars

277 5415 455 5491 Matthiae
475 5422 712 5506 Hunniadae,
737 5447 889 5518 cumque
913 5422 1160 5515 expulissem
1137 5447 1274 5515 angen·
1324 5422 1594 5495 deliberationis
1616 5426 1730 5495 multo
1754 5437 1807 5496 est
1829 5422 1980 5497 facilior.
2032 5424 2130 5495 Haec
2152 5449 2210 5493 me
2230 5446 2315 5494 cura

279 5534 353 5593 tem
369 5526 562 5595 exercitum
578 5526 779 5595 'furcarum
797 5549 839 5594 ex
855 5524 1020 5610 Croatia,
1046 5521 1138 5595 nihil
1161 5526 1274 5646 magis
1324 5526 1397 5595 iam
1432 5549 1547 5599 annos
1577 5528 1732 5618 amplius
1763 5528 1890 5619 viginti
1915 5528 2090 5613 exercuit,
2125 5527 2317 5620 praecipue

279 5624 320 5695 in
340 5628 436 5698 votis
458 5624 547 5697 mihi
568 5628 697 5711 fuerit,
730 5651 839 5722 quam
859 5639 901 5697 ut
926 5651 1011 5697 mox
1035 5629 1210 5700 exercitus
1234 5630 1273 5698 in
1326 5632 1511 5723 quomodo
1533 5654 1657 5723 pacem
1673 5631 1712 5700 in
1726 5630 1872 5724 Europa
1890 5633 2031 5701 firmam
2049 5630 2316 5716 constituerem.

318 5792 347 5858 ι)
365 5798 491 5859 sottus]
508 5796 551 5847 sto
570 5799 646 5846 recte
665 5793 750 5849 suet.
768 5794 861 5860 tm,
885 5792 980 5861 mh,
1004 5796 1098 5863 {⁸243
1125 5797 1177 5852 tt.
1197 5797 1274 5852 lm.
1325 5730 1431 5853 Huni
1452 5727 1542 5802 md„
1562 5736 1670 5804 finem
1689 5760 1857 5854 'nmmum
1878 5735 2055 5854 bellinum
2076 5755 2216 5823 imper
2232 5753 2316 5822 pm.

353 5868 461 5918 nuso·
632 5877 635 5884 ·
1096 5875 1099 5884 ·
1325 5860 1450 5929 posui,
1474 5860 1551 5907 non
1573 5849 1614 5908 ιιι
1635 5838 1742 5910 latius
1755 5840 1844 5910 lines
1860 5861 1960 5929 regns
1979 5837 2225 5915 extenderem,
2253 5833 2315 5922 sed
