5534 6700
369 580 447 668 229
549 580 553 587 ’
1031 573 1153 647 xcv1.
1206 570 1537 647 GRAMMATICA
1568 569 1762 645 barilia
2333 571 2410 645 w)

369 750 492 810 tradere
519 749 671 826 possimus.
721 748 786 808 Etsi
813 758 882 806 sunt
910 759 940 806 et
962 748 1039 806 aliae
1061 767 1185 826 magnae
1207 749 1360 807 literarum
1381 745 1540 820 utilitates,
1572 755 1673 802 tamen
1697 741 1771 802 haec
1794 741 1958 821 praecipue
1978 740 2069 799 mnas
2089 749 2205 799 mentes
2226 740 2265 798 ad
2287 741 2408 800 discen-

368 837 441 900 dum
464 834 590 892 inritare
613 833 712 893 debet.
756 834 810 892 Est
830 851 880 891 res
901 851 1012 910 parva,
1034 834 1143 911 figuras
1165 835 1334 908 literarum,
1362 831 1507 908 syllabas,
1536 847 1641 889 vocum
1658 845 1771 908 genera
1789 837 1821 886 et
1840 844 1925 887 maus
1949 824 2125 899 ostenderet
2156 824 2211 887 sed
2227 824 2302 886 haec
2317 842 2411 906 parra

367 939 421 981 res
450 920 563 979 aditum
592 918 734 995 patefacit
761 919 800 977 ad
828 918 1007 996 agnitionem
1026 918 1095 979 Dei.
1152 920 1287 979 Gloriosa
1314 934 1362 975 res
1385 912 1459 976 luho
1472 917 1498 997 *l
1527 933 1595 976 esse
1624 915 1760 990 ducitur,
1788 913 1867 993 quod
1887 913 2021 971 maximis
2043 912 2190 972 laboribus
2212 913 2291 991 capit
2311 915 2411 991 urbes,

368 1007 490 1067 disuicat
512 1005 543 1062 in
565 1005 646 1078 acic,
668 1004 816 1063 constituit
838 1003 956 1081 politiae
978 1003 1009 1062 in
1030 1005 1150 1063 urbibus
1167 1004 1293 1064 domitis.
1336 1003 1398 1061 llos
1418 1013 1515 1063 tantos
1538 1003 1654 1062 labores
1676 1000 1714 1061 ad
1737 1019 1826 1078 quem
1848 998 1940 1058 lineus
1961 998 2081 1057 tandem
2102 994 2221 1058 relecti
2248 1007 2282 1057 ut
2301 1009 2409 1074 poten-

371 1092 413 1153 tia
438 1090 571 1149 omnibus
598 1087 762 1149 hominibus
793 1088 972 1164 antecellat,
1004 1107 1080 1166 qnae
1107 1109 1197 1167 quam
1223 1089 1313 1147 fuerit
1341 1087 1453 1147 stabilis
1482 1096 1533 1148 aut
1555 1086 1712 1161 diuturna,
1741 1086 1839 1144 exitus
1860 1082 2000 1145 ostendit.
2049 1087 2088 1143 At
2108 1082 2205 1143 David
2225 1101 2274 1142 res
2295 1083 2408 1144 similes

370 1176 467 1254 gerit,
496 1173 675 1252 praeliatur,
704 1176 784 1251 capit
812 1173 917 1249 urbes,
945 1175 1096 1235 constituit
1122 1174 1254 1252 politica:
1289 1189 1379 1252 quem
1399 1173 1438 1232 ad
1460 1168 1575 1232 ment
1611 1183 1644 1230 ut
1666 1172 1746 1230 domi
1767 1171 1909 1231 sedentes
1929 1187 2038 1247 pueros
2058 1181 2090 1228 et
2112 1168 2228 1246 puellas
2247 1169 2279 1225 in
2300 1166 2411 1228 Schola

371 1261 520 1321 dmmtes
542 1259 659 1331 literas,
689 1269 720 1318 et
742 1260 902 1319 lectionem
921 1259 1136 1337 Prophetarum
1158 1257 1317 1333 defendat,
1344 1268 1377 1316 ut
1398 1259 1556 1336 propagari
1577 1256 1730 1315 Ecclesiae
1752 1256 1886 1316 doctriua
1907 1255 2011 1333 possit.
2054 1252 2126 1314 ldeo
2148 1253 2311 1332 praecipue
2333 1255 2412 1332 gerit

370 1363 454 1405 arma
474 1344 587 1420 Dauid,
616 1358 648 1403 ut
677 1344 908 1422 pulverulentus
928 1343 1055 1406 scholae
1083 1346 1213 1422 parietes
1241 1352 1333 1422 tegat.
1388 1343 1428 1403 Et
1452 1342 1531 1402 hunc
1552 1342 1597 1401 sui
1618 1342 1725 1400 laboris
1746 1340 1837 1400 hnem
1858 1341 1951 1398 maius
1972 1342 2081 1400 bonum
2103 1357 2186 1416 esse,
2217 1358 2305 1418 quam
2327 1358 2410 1399 suam

370 1430 535 1510 pientiam
562 1429 711 1508 intelligit
765 1431 840 1489 Cum
867 1430 956 1507 igitur
984 1430 1057 1489 hacc
1079 1430 1176 1490 studia
1196 1430 1350 1488 literarum
1371 1431 1585 1507 et-praecipue
1605 1427 1819 1486 Grammatices
1840 1427 1968 1485 maxim
1989 1427 2156 1487 necessarie
2177 1426 2237 1484 siut
2259 1424 2410 1485 Ecclesiae

366 1516 446 1591 Dei,
474 1514 576 1575 omues
603 1517 709 1575 summi
737 1527 828 1594 atque
855 1516 947 1574 infimi
976 1525 1098 1592 propter
1119 1516 1244 1593 gloriam
1263 1514 1322 1573 Dei
1343 1532 1379 1573 ea
1400 1516 1532 1574 excitare
1552 1524 1585 1573 et
1605 1513 1684 1572 tueri
1705 1521 1865 1588 conentur,
1896 1528 1953 1570 nec
1974 1511 2140 1571 dubitentur
2160 1510 2226 1569 Deo
2247 1521 2332 1588 grata
2352 1509 2409 1570 Sa-

372 1601 483 1665 crificia
504 1618 570 1659 esse
591 1599 644 1658 has
665 1600 744 1677 ipsas
767 1618 872 1678 opem
893 1612 1026 1676 amnas,
1049 1603 1274 1660 monstrationes
1295 1600 1465 1676 literarum,
1486 1599 1629 1659 flexiones
1649 1616 1770 1672 vocum,
1790 1597 1952 1673 Syntaxes.
1995 1596 2063 1656 Non
2085 1600 2221 1674 vitupera
2238 1596 2310 1654 alias
2329 1605 2409 1656 artes

372 1699 424 1745 aut
445 1686 524 1743 vitae
546 1686 672 1763 gradus,
698 1696 732 1743 ut
753 1687 832 1744 enim
853 1704 951 1744 sermo
975 1703 1014 1744 ex
1036 1686 1160 1745 dirersis
1180 1687 1274 1744 literis
1297 1695 1432 1761 constat,
1464 1687 1505 1744 ita
1525 1684 1625 1743 multis
1647 1684 1757 1741 artibus
1781 1681 1854 1741 haec
1876 1681 2026 1740 hominurn
2049 1684 2173 1742 societas
2192 1682 2331 1760 copulata
2350 1691 2408 1742 est.

371 1771 433 1831 Sed
455 1781 535 1828 artes
557 1771 685 1828 maxime
706 1772 887 1829 necessarias
909 1771 1060 1830 Ecclesiae
1081 1772 1243 1850 plurimum
1264 1771 1376 1828 habere
1398 1788 1488 1829 verae
1510 1770 1676 1847 dignitatis,
1705 1785 1754 1825 res
1776 1767 1840 1843 ipsa
1861 1768 2001 1845 loquitur.

501 1853 562 1913 Oro
585 1855 674 1932 igitur
695 1867 819 1933 propter
838 1856 952 1932 Deum,
982 1866 1015 1913 ut
1035 1857 1088 1914 has
1110 1868 1225 1915 nostras
1248 1872 1354 1933 operas
1374 1857 1443 1913 boni
1467 1856 1539 1924 riri,
1567 1855 1598 1912 in
1619 1853 1806 1927 Civitatibus,
1834 1853 1883 1930 qui
1911 1852 2068 1912 autoritate
2098 1850 2230 1930 pollent,
2258 1861 2408 1929 tueantur,

371 1940 515 1998 docenter
535 1958 594 1997 non
616 1941 784 2019 negligant,
809 1942 996 1999 iuventutem
1017 1943 1078 2000 sris
1097 1942 1280 2001 sermonibus
1303 1939 1342 1997 acl
1363 1956 1494 1999 amorem
1517 1949 1548 1998 et
1569 1939 1793 1997 admirationem
1814 1938 1966 1996 literarum
1987 1936 2198 1997 adsuefaciunt.
2241 1933 2305 1996 Etsi
2327 1939 2408 1997 labor

369 2025 400 2083 in
422 2045 457 2084 re
479 2043 571 2102 parra
592 2027 733 2101 muitar,
753 2027 785 2083 in
806 2025 978 2103 repetendis
1000 2036 1031 2085 et
1053 2026 1235 2086 illustrandis
1256 2025 1453 2104 grammaticis
1473 2025 1744 2103 praeceptionibus,
1775 2033 1872 2081 tamen
1894 2023 2045 2083 Ecclesiae
2066 2023 2249 2082 necemarius
2270 2031 2325 2081 est.

499 2111 569 2169 ldeo
589 2120 622 2168 et
639 2111 739 2171 Lucae
756 2110 850 2170 Lossii
870 2111 1051 2170 volutatam
1070 2115 1173 2190 probo.
1216 2111 1345 2171 Etcum
1366 2110 1500 2170 riderem
1521 2110 1657 2189 opusculi
1680 2108 1822 2184 sormam,
1843 2109 1957 2186 placuit
1978 2110 2138 2169 consiliunt.
2182 2107 2264 2170 Utile
2286 2116 2333 2167 est
2353 2123 2409 2185 per

369 2196 615 2272 interrogationes
636 2205 799 2273 praecepta
819 2196 977 2271 inculcari,
1005 2209 1038 2256 ut
1058 2215 1150 2275 saepe
1172 2199 1312 2276 comperi.
2135 2219 2139 2222 ·

486 2281 602 2348 Quare
623 2280 701 2339 hunc
723 2282 855 2340 libellum
878 2283 960 2339 bonis
981 2282 1050 2340 viris
1071 2283 1259 2357 commendo,
1287 2283 1337 2360 qui
1359 2281 1517 2359 pueritiam
1539 2279 1696 2347 erudiunt,
1727 2280 1805 2356 ipsos
1826 2280 1915 2337 etiam
1938 2279 2095 2355 adhortor,
2126 2293 2158 2338 ut
2179 2297 2232 2339 sua
2254 2276 2410 2336 concordia

372 2376 404 2422 et
426 2376 533 2421 ornent
563 2376 595 2422 et
623 2366 756 2423 muniant
779 2376 909 2423 nostrum
932 2365 1082 2441 ordinem,
1118 2384 1263 2425 memores
1285 2366 1420 2425 versiculi
1451 2362 1617 2446 [Theocrit.
1640 2361 1730 2439 ldyll.
1751 2360 1802 2439 lX,
1819 2360 1892 2444 31]
1928 2362 2047 2436 Τέττιξ
2066 2362 2131 2442 μὲν
2149 2362 2274 2439 τέττιγι
2296 2357 2409 2443 φίλος,

371 2443 524 2525 popponi
552 2440 590 2506 di
617 2443 762 2526 μύρμαξ.
812 2449 875 2524 Ego
902 2449 1021 2526 quidem
1049 2451 1177 2509 fideliter
1208 2460 1238 2509 et
1266 2463 1349 2508 recte
1378 2450 1519 2508 docentes
1540 2450 1777 2524 Grammaticen,
1805 2447 2005 2527 Dialecticen,
2034 2461 2066 2508 et
2089 2450 2237 2509 elementa
2257 2449 2408 2508 doctrinae

354 2531 570 2675 Ἥ,
591 2531 688 2590 iudico
705 2534 821 2610 ¹optime
841 2535 952 2593 mereri
972 2533 1011 2592 de
1031 2534 1186 2609 Ecclesia,
1209 2543 1242 2593 at
1262 2545 1401 2611 tanquam
1422 2532 1481 2592 Dei
1503 2533 1649 2592 ministros
1671 2552 1747 2591 amo.
1789 2535 1885 2593 Darae
1908 2537 2116 2615 witebergae,
2137 2537 2186 2596 die
2205 2533 2256 2597 18.
2273 2534 2409 2612 Augusti.

370 2618 456 2672 Anno
564 2658 573 2673 .

499 2699 601 2756 Altera
622 2700 820 2758 Melanthonis
846 2701 970 2780 epistola
999 2699 1174 2779 (praefatio)
1202 2703 1241 2761 ad
1262 2701 1374 2761 Lucam
1395 2703 1529 2762 Lossium
1550 2702 1677 2777 Syntaxi
1705 2702 1791 2760 huius
1822 2704 1888 2761 libri
1910 2706 2071 2782 praemissa
2093 2717 2154 2779 est,
2185 2722 2262 2782 quae
2282 2705 2354 2763 item
2375 2704 2406 2761 in

370 2783 429 2840 illis
451 2782 532 2840 libris
554 2802 613 2840 non
636 2785 801 2860 invenitur,
834 2786 945 2844 scilicet
966 2784 1091 2845 haecce:
1950 2784 1952 2789 ¹

983 2947 1166 3033 Piss'lippsa
1187 2948 1390 3016 Mclnsstltsss
1411 2951 1530 3016 Lacus
1549 2951 1670 3015 Lossio
1690 2951 1729 3016 S.
1747 2951 1790 3016 D.

499 3069 564 3130 Etsi
592 3072 652 3128 scio
672 3089 731 3129 non
754 3071 945 3147 breviatam,
976 3072 1032 3130 sed
1052 3073 1172 3132 modum
1192 3075 1224 3132 in
1244 3077 1413 3154 praeceptis
1436 3074 1613 3134 laudandum
1637 3091 1721 3150 esse,
1757 3084 1857 3132 umen
1878 3093 1944 3133 cum
1965 3074 2181 3152 Etymologiarn
2206 3085 2238 3132 et
2258 3074 2406 3149 Syntaxin

370 3159 549 3235 scriberem,
575 3156 636 3214 ridi
657 3157 856 3233 prolixitatem
877 3157 1059 3234 husieaai,
1078 3175 1169 3238 quen
1189 3170 1260 3219 tunc
1282 3159 1350 3220 iere
1371 3161 1529 3240 legebant,
1550 3160 1693 3219 remorari
1714 3159 1870 3220 discentes.
1915 3158 2024 3239 Scripsi
2046 3160 2135 3238 igitur
2156 3169 2318 3238 praccepta
2338 3160 2407 3217 bre-

370 3245 468 3319 viora,
497 3251 600 3320 pastea
621 3243 696 3300 alius
717 3241 798 3299 aliud
820 3242 941 3306 addidit.
993 3241 1034 3301 Et
1053 3244 1085 3301 iu
1107 3242 1233 3320 syntaxi
1253 3247 1339 3305 nimis
1360 3247 1454 3306 multa
1476 3241 1634 3327 πάρεργα
1653 3256 1852 3305 saeuorum.
1903 3247 2006 3315 Quare
2028 3256 2111 3304 tuum
2133 3245 2285 3314 oonsihum
2307 3245 2408 3321 probo,

371 3329 450 3412 quod
472 3345 574 3392 mrsus
594 3337 756 3406 praecepta
775 3327 854 3387 intra
874 3337 968 3392 metas
992 3329 1194 3406 quaestionum
1218 3347 1349 3392 revocas.

499 3414 541 3470 Ac
569 3413 755 3472 utilissimum
783 3423 829 3471 est
856 3413 1020 3492 pueritiae,
1048 3431 1193 3475 exercere
1222 3434 1288 3476 eam
1314 3434 1371 3499 per
1392 3416 1574 3478 Erotemata.
1627 3418 1705 3477 Nam
1730 3416 1787 3476 hoc
1815 3426 1915 3476 mutuo
1937 3417 2084 3496 colloquio
2106 3418 2250 3476 excitatur
2271 3414 2408 3489 attentio,

369 3516 467 3577 eaque
495 3498 621 3556 docendi
650 3501 725 3557 ratio
753 3497 899 3578 quondam
927 3492 1106 3578 κατήχησις
1126 3502 1246 3582 proprie
1267 3503 1432 3563 vocabatur.
1481 3503 1604 3571 Consilii
1626 3503 1677 3561 tibi
1698 3504 1767 3561 sads
1789 3519 1854 3560 esse
1875 3502 1951 3576 scio,
1979 3502 2046 3560 ideo
2065 3511 2179 3560 tantum
2199 3499 2276 3559 addo
2298 3510 2406 3556 votum.

369 3585 467 3644 Deum
495 3593 650 3643 aeternum
679 3592 796 3661 patrem
819 3583 935 3642 Domini
961 3585 1053 3644 nostri
1081 3582 1146 3645 lesu
1169 3586 1278 3646 Christi
1306 3607 1374 3664 oro,
1401 3598 1435 3647 nt
1463 3588 1561 3648 studia
1581 3588 1713 3647 literaria
1734 3586 1894 3645 iuventutis
1915 3586 1996 3644 iuret
2018 3596 2049 3644 et
2070 3586 2226 3663 gubernet.
2267 3583 2406 3642 Proiecto

370 3670 411 3728 de
431 3669 568 3727 Ecclesia
588 3668 702 3726 utiliter
723 3678 892 3743 merentur,
922 3670 972 3747 qui
994 3669 1213 3730 Grammaticen
1235 3684 1318 3732 recte
1339 3685 1371 3732 et
1393 3675 1519 3747 docent,
1548 3682 1580 3730 et
1601 3673 1726 3730 discunt.
1770 3671 1853 3729 Bene
1875 3671 1954 3728 sale.
1997 3666 2117 3729 xxvtl.
2141 3670 2261 3751 Aprilis.
2355 3700 2358 3704 ·

501 3753 679 3828 Consilium,
708 3754 787 3831 quod
813 3766 915 3813 auctor
941 3756 972 3811 in
999 3754 1054 3815 hoc
1083 3756 1157 3815 libro
1185 3769 1303 3816 secutus
1324 3767 1388 3835 est,
1416 3759 1447 3815 in
1470 3758 1594 3835 epistole
1615 3756 1796 3816 dedicatoria
1815 3755 1853 3814 ad
1876 3754 2090 3832 Hieronymum
2109 3755 2284 3835 Henninget
2305 3754 2408 3816 Lune-

368 3838 456 3917 burgi
484 3856 512 3898 a.
535 3834 629 3898 1544.
658 3838 755 3917 pridie
783 3856 874 3897 nonas
895 3840 1019 3918 Augusti
1039 3840 1107 3899 data
1129 3843 1285 3923 proponit,
1317 3860 1356 3901 ex
1377 3862 1437 3921 qna
1458 3842 1511 3900 hos
1533 3842 1612 3901 locos
1633 3840 1749 3901 referre
1771 3842 1867 3899 iurat:
1910 3841 1983 3918 „Eu
2005 3840 2115 3917 habes,
2142 3843 2313 3914 suauissima
2334 3840 2407 3899 Hie-

368 3940 513 4000 ronyme,
540 3923 675 3983 libellum
696 3922 899 3982 Erotematum
911 3924 1125 3985 Grammatices
1138 3926 1268 4008 Philippi
1288 3926 1506 4004 Melanthonis,
1533 3925 1651 3986 facilem
1674 3938 1706 3987 et
1726 3928 1867 4005 brevem,
1889 3928 2006 4008 tuisque
2028 3926 2132 3988 studiis
2153 3940 2185 3988 et
2207 3928 2297 3987 aetati
2318 3925 2407 3985 valde

368 4008 564 4067 commodum.
585 4040 630 4054 —
661 4008 738 4067 Nam
759 4017 825 4066 cum
838 4009 1036 4069 Grammatica
1049 4009 1196 4090 Philippi,
1224 4013 1280 4071 riri
1300 4012 1340 4071 de
1352 4012 1509 4091 Religione
1530 4022 1630 4072 nostra
1651 4011 1812 4072 asserenda
1838 4022 1869 4071 et
1889 4013 1991 4072 studiis
2013 4014 2164 4072 literarum
2186 4012 2275 4091 longe
2297 4013 2408 4089 optima

366 4093 484 4170 meriti,
513 4092 554 4151 ita
580 4094 762 4174 locupletata
789 4093 848 4153 sint
875 4112 893 4151 a
921 4094 1085 4154 doctissimo
1113 4098 1175 4155 viro
1197 4098 1300 4156 lacobo
1321 4097 1460 4175 Micyllo,
1489 4108 1523 4157 nt
1544 4098 1696 4157 commode
1717 4107 1778 4157 tota
1799 4097 1902 4177 pueris
1923 4098 2088 4158 rudioribus
2109 4098 2235 4175 proponi
2257 4116 2314 4155 non
2336 4116 2407 4174 pos-

367 4180 446 4254 sint,
474 4179 592 4236 omnino
614 4178 770 4240 ridebatur
790 4179 859 4255 tibi,
879 4180 983 4259 tuique
1004 4182 1161 4257 similibus,
1182 4182 1348 4241 huiusmodi
1367 4183 1466 4263 aliqua
1487 4184 1625 4259 Epitome
1648 4194 1679 4243 et
1701 4179 1822 4263 isagoge
1844 4202 1919 4262 opus
1941 4200 2025 4258 esse,
2046 4200 2135 4261 quarn
2157 4199 2196 4241 ex
2217 4182 2277 4240 illis
2297 4182 2408 4241 Gram-

366 4264 480 4323 maticis
509 4263 663 4323 disceretis
692 4265 784 4325 initio.
834 4264 919 4324 ldem
945 4285 1011 4324 cum
1040 4268 1148 4326 multos
1178 4268 1342 4346 prudentes
1369 4278 1402 4329 et
1422 4268 1551 4327 eruditos
1574 4270 1650 4327 viros
1673 4287 1788 4327 mecum
1809 4269 1922 4326 sentire
1943 4266 2095 4342 riderem,
2123 4267 2206 4326 etin
2228 4281 2326 4326 nostro
2347 4269 2407 4326 iam

365 4348 441 4408 ludo
468 4348 615 4426 literaria,
644 4350 768 4429 aliisque
798 4351 957 4410 vicinarum
986 4352 1135 4411 civitatum
1156 4352 1272 4413 Scholia
1299 4353 1496 4414 eruditissime
1524 4354 1577 4411 illa
1598 4354 1796 4414 Grammatica
1817 4352 2007 4411 traderentur
2028 4352 2190 4430 iuventuti,
2218 4369 2258 4411 ex
2278 4354 2349 4431 ipsis
2369 4370 2408 4411 ea

305 4472 308 4475 -
368 4433 481 4511 selegi,
508 4436 617 4494 autoris
639 4451 783 4493 consensu
806 4445 837 4494 et
858 4436 1031 4514 autoritate,
1059 4456 1135 4517 quae
1156 4440 1218 4497 risa
1239 4449 1309 4497 sunt
1328 4438 1447 4498 rudibus
1469 4438 1515 4498 rei
1536 4439 1750 4497 Grammatices
1772 4438 1900 4498 maxime
1922 4439 2089 4498 necessaria
2111 4455 2197 4514 esse,
2223 4449 2256 4497 ut
2285 4438 2407 4516 cognitis

366 4516 454 4575 hisce
481 4522 666 4595 generalibus
693 4520 877 4598 praeceptis,
903 4531 1007 4599 postea
1034 4523 1073 4581 ad
1094 4523 1283 4583 traditionem
1310 4520 1380 4583 iusti
1402 4524 1468 4583 libri
1488 4533 1591 4584 essem
1612 4524 1705 4602 magis
1726 4524 1835 4584 idonei.
1863 4556 1907 4569 —-
1950 4524 2053 4593 Quare
2074 4542 2130 4584 nec
2150 4522 2228 4583 hanc
2247 4523 2407 4601 Epitomeu

369 4600 489 4659 erudite
516 4606 635 4680 quidem
663 4616 694 4664 et
715 4606 882 4664 necessario
904 4606 1103 4684 locupletatae
1124 4627 1143 4666 a
1163 4609 1283 4685 hlicyllo
1304 4610 1522 4669 Grammaticae
1542 4608 1691 4689 Philippi,
1718 4612 1819 4689 pueris
1838 4609 2044 4689 infrugiferam
2064 4610 2131 4669 iore
2151 4610 2308 4669 arbitratus
2329 4628 2405 4669 sum.

366 4686 551 4746 Nominatim
578 4708 649 4749 rero
677 4691 731 4749 tibi
759 4690 864 4749 dedico
896 4702 927 4749 et
957 4694 1056 4769 trado,
1085 4694 1223 4772 quicquid
1252 4693 1321 4752 mihi
1349 4696 1420 4755 iuris
1447 4704 1479 4754 et
1506 4695 1629 4753 dominii
1654 4697 1685 4752 in
1714 4695 1769 4753 hoc
1791 4696 1892 4755 libello
1915 4696 2058 4755 concedet
2079 4704 2255 4773 praeceptor
2276 4696 2407 4755 omnium
2447 4710 2451 4717 ·

363 4780 505 4861 nostrum
525 4772 686 4856 Philippus.
730 4775 839 4855 Neque
860 4776 940 4834 enim
961 4775 1071 4857 aliquid
1092 4778 1163 4836 mihi
1184 4779 1230 4837 bic
1251 4796 1393 4858 arrogare
1413 4780 1464 4839 rel
1485 4797 1604 4839 sumere
1625 4788 1678 4837 aut
1698 4780 1793 4839 debeo
1815 4791 1866 4838 ant
1886 4783 1965 4839 volo.
2008 4780 2094 4839 Heus
2115 4789 2229 4838 tantnm
2249 4780 2404 4857 exandi,

362 4865 401 4917 et
414 4857 496 4914 intra
512 4855 565 4917 llas
580 4859 780 4920 Erotematum
802 4874 897 4921 metas
917 4864 1075 4924 revocandi
1095 4862 1189 4923 iusim
1209 4863 1333 4941 tradita,
1354 4866 1438 4924 labor
1457 4865 1525 4926 fuit.
1569 4865 1722 4944 Nusquam
1743 4882 1761 4922 a
1779 4864 1876 4925 serbis
1897 4866 2008 4925 autoris
2029 4864 2166 4940 discessi,
2187 4864 2261 4922 nihil
2283 4882 2405 4944 utquam

365 4950 596 5023 commutatum,
622 4946 662 5006 de
690 4963 756 5007 meo
777 4946 873 5014 adieci
891 4946 959 5008 lere
981 4948 1075 5025 nibil,
1103 4949 1160 5009 nisi
1180 4944 1388 5030 Paradigmata
1407 4968 1461 5013 seu
1482 4950 1654 5010 declinandi
1673 4948 1815 5011 formulas
1836 4968 1878 5010 ex
1897 4951 2014 5011 Donato
2036 4950 2216 5029 desumptas.
2264 4945 2404 5031 Philipps

361 5028 454 5103 igitur
476 5038 577 5089 nostro
596 5028 703 5091 feretis
722 5044 895 5112 acceptum,
916 5052 975 5093 non
996 5034 1084 5111 mihi,
1106 5036 1242 5113 quicquid
1265 5035 1437 5097 entditiouis
1456 5035 1497 5096 sd
1518 5047 1549 5096 te
1570 5037 1621 5096 rel
1641 5035 1681 5096 ad
1701 5036 1774 5096 alios
1796 5054 1903 5116 pueros
1926 5036 2033 5096 redibit
2054 5052 2094 5096 ex
2114 5034 2170 5095 hoc
2187 5035 2308 5112 libelis,
2326 5036 2407 5116 quod

363 5121 449 5171 cette
470 5114 630 5192 plurimum
653 5115 741 5176 erit.”
769 5128 827 5179 etc.

710 5231 775 5291 Alia
795 5232 882 5292 huius
902 5234 968 5293 libri
988 5232 1044 5294 Ed.
1066 5236 1108 5294 alo
1128 5248 1175 5296 est
1194 5239 1350 5317 inscriptae

496 5344 729 5413 &annues
750 5347 912 5430 Philipps·
931 5350 1178 5437 Melantiasr's,
1209 5355 1257 5417 ud
1281 5374 1379 5420 mas
1433 5373 1589 5424 scmus
1615 5357 1653 5420 itt
1673 5350 1789 5420 &cuca
1811 5361 2098 5442 interrogationes
2119 5369 2314 5438 aarum,
2337 5378 2404 5443 pt·

539 5433 672 5496 Laeuus
693 5436 851 5499 Eossissss
872 5434 1179 5518 nusehrgesssn.
1230 5438 1277 5504 Et
1305 5446 1374 5504 isus
1402 5378 1511 5506 aare
1540 5440 1725 5523 diligentes·
1755 5439 1800 5506 ab
1827 5444 1941 5507 cedens
1962 5449 2152 5527 resonas.
2195 5443 2278 5509 Gaas
2300 5443 2405 5510 stae·

532 5520 677 5601 satione
696 5519 829 5603 Plsils'ps
850 5520 983 5586 Maleas
1007 5525 1204 5590 assumes
1218 5525 1474 5596 dramaticus.
1497 5561 1538 5577 -
1567 5528 1619 5612 (ln
1636 5526 1729 5611 finer)
1757 5523 1982 5614 verbm.
2025 5531 2091 5598 Ea·
2112 5524 2264 5615 afficias
2283 5532 2402 5596 litara-

401 5803 431 5867 ‘t
449 5808 468 5860 l.
488 5823 515 5863 e.
533 5809 603 5863 tulto
621 5811 750 5864 curari

1877 5885 1961 5964 '16‘
