5534 6700
338 628 416 715 lid
511 742 514 749 Ι
613 632 673 709 III.
724 632 791 706 DE
815 632 1091 710 EIAEC'I'IONE
1113 634 1180 707 ET
1207 632 1572 715 CORONA'I'IONE,
1587 632 1767 709 cauom
1790 635 1836 710 V.
1859 632 2099 712 CAESARIS.
2295 640 2373 716 tat

336 811 441 880 bram
459 806 623 901 imperii,
649 807 726 879 sine
739 806 951 893 autoritate,
976 807 1053 878 sine
1066 806 1202 879 viribus
1218 819 1330 899 gerat.
1383 833 1529 880 morum
1562 803 1773 893 hominum,
1807 808 1871 904 qui
1901 834 1982 880 eum
2006 809 2282 881 familiarissime
2307 836 2375 884 no-

336 910 464 1004 Itaque
501 912 663 981 antefero
694 910 864 981 Carolum
894 906 1132 981 Archiducem
1161 910 1329 981 Austriae
1383 924 1489 995 runt,
1516 922 1552 981 et
1571 911 1773 982 acutissime
1798 914 1843 981 de
1866 911 2017 1003 ingeniis
2038 911 2197 982 iudicare
2211 927 2373 1005 possunt,

339 1013 489 1086 caeteris
505 1012 729 1085 'Germaniae
750 1012 991 1106 principibus,
1026 1024 1063 1083 et
1086 1013 1330 1096 incommoda,
1383 1014 1566 1105 exploravi
1591 1014 1796 1084 sententias.
1849 1013 1896 1081 Ili
1917 1015 2075 1106 probant
2096 1015 2300 1106 ingenium,
2331 1040 2374 1087 ac

338 1142 434 1213 qnae
461 1119 507 1187 de
530 1116 625 1187 illius
646 1114 818 1187 electione
842 1115 962 1208 colligi
989 1127 1158 1208 possunt,
1193 1114 1328 1185 leviora
1382 1118 1531 1185 mirifice
1547 1117 1622 1187 eius
1637 1117 1835 1186 bonitatem
1852 1117 2012 1188 laudant.

338 1219 459 1290 iudico
475 1218 663 1301 omnibus,
690 1240 783 1312 quae
797 1218 944 1290 alterius
958 1219 1168 1313 cuiusquam
1189 1216 1331 1287 electio·
1376 1244 1378 1249 ·
1485 1219 1675 1288 Postremo
1694 1220 1723 1290 si
1749 1221 1794 1287 de
1814 1218 1959 1309 ingenio
1982 1217 2186 1288 coniectura
2210 1219 2373 1292 facienda

337 1346 421 1392 nem
456 1335 620 1392 secutura
650 1332 779 1392 essent.
838 1322 1002 1392 Primum
1038 1321 1151 1412 origo·
1168 1332 1222 1391 est
1246 1344 1330 1389 vere
1382 1334 1436 1390 est
1451 1344 1493 1389 ex
1510 1333 1638 1389 natura
1656 1322 1834 1390 maiorum
1858 1320 1960 1416 (quia
1978 1324 2154 1416 quaedam
2175 1322 2373 1395 similitudo

337 1422 574 1504 Germanica3
613 1446 681 1492 nec
713 1423 784 1494 dici
811 1436 947 1516 potest,
980 1448 1047 1495 nos
1075 1447 1115 1493 re
1136 1423 1330 1493 transferre
1381 1422 1577 1515 propagari
1595 1424 1724 1519 solet),
1745 1423 1995 1508 meminimus,
2027 1437 2162 1519 quanta
2179 1424 2233 1496 vis
2248 1426 2375 1512 animi,

337 1526 530 1619 imperium
557 1526 602 1594 ad
626 1538 786 1610 exteros,
812 1527 917 1596 titulo
934 1538 1037 1597 tenus
1051 1525 1251 1618 principem
1266 1520 1331 1595 ba·
1381 1526 1594 1618 prudentia,
1618 1524 1766 1607 iustitia,
1792 1526 1980 1609 fortitudo,
2003 1527 2223 1596 continentia
2241 1528 2279 1595 in
2296 1528 2375 1599 Illa·

336 1630 422 1699 bere
447 1627 715 1700 Germanicum.
766 1628 1049 1700 I'ossidetcnim
1072 1628 1111 1698 in
1134 1627 1328 1699 Germania
1381 1628 1702 1698 ximilianofuerit.
1747 1626 1789 1696 In
1809 1641 1912 1720 patre
1928 1625 2099 1722 Philippo
2120 1631 2313 1701 dexteritas
2338 1643 2375 1701 et

337 1730 493 1802 ditiones
517 1729 710 1823 plurimas,
742 1754 836 1825 quae
860 1744 990 1825 parent
1014 1742 1139 1803 nostro
1164 1730 1330 1825 imperio,
1381 1729 1557 1800 industria
1572 1729 1761 1822 singularis
1777 1744 1864 1802 erat.
1890 1731 1973 1803 Non
1990 1720 2264 1817 dubito'autem,
2283 1732 2374 1828 quin

337 1846 545 1929 etquarum
561 1832 703 1927 aliquae
722 1846 826 1903 antea
846 1847 1063 1926 pepererunt
1079 1831 1330 1927 Imperatores.
1362 1834 1562 1903 'maiorum
1578 1846 1744 1903 naturam
1762 1832 1914 1904 Carolus
1930 1836 2073 1905 referat.
2115 1834 2189 1906 Nec
2207 1850 2305 1905 aetas
2322 1848 2375 1907 est

336 1936 413 2009 Nec
437 1936 606 2007 credibile
629 1948 701 2019 est,
735 1931 804 2005 hoe
827 1937 951 2006 animo
969 1960 1044 2007 esse
1060 1935 1230 2007 Carolum
1247 1958 1329 2028 erga
1383 1938 1629 2029 aspernanda,
1662 1960 1754 2030 quae
1785 1936 1856 2004 iam
1880 1950 2021 2007 matura
2046 1940 2107 2007 est*
2119 1938 2226 2008 rebus
2249 1961 2375 2029 geren·

336 2038 514 2131 patriam,
548 2051 589 2109 ut
612 2038 698 2108 velit
712 2036 916 2123 Austriam,
944 2052 1007 2109 aut
1020 2037 1331 2130 Belgasopprimi
1373 2039 1450 2110 dis.
1499 2038 1574 2110 Nee
1598 2039 1693 2108 enim
1716 2042 1942 2132 quaerendus
1964 2053 2017 2110 est
2039 2064 2146 2109 senex
2162 2038 2375 2132 Imperator,

335 2141 506 2212 servitute
523 2142 569 2212 ab
585 2140 656 2212 ulla
674 2152 792 2211 extera
810 2142 969 2213 natione.
1016 2141 1112 2233 Ergo
1130 2142 1175 2210 de
1191 2140 1330 2233 origine
1381 2152 1435 2223 ut,
1456 2165 1537 2211 cum
1553 2142 1701 2211 biduum
1721 2153 1784 2211 aut
1799 2142 1956 2211 triduum
1972 2142 2172 2234 imperarit,
2188 2156 2309 2235 postea
2329 2144 2375 2213 de

337 2242 460 2315 Caroli
485 2245 584 2315 nulla
619 2244 862 2336 disputatione
889 2268 980 2337 opus
1007 2256 1070 2316 est.
1121 2241 1225 2315 Etsi
1251 2243 1331 2338 quis
1382 2244 1556 2314 electione
1571 2244 1658 2313 novi
1676 2245 1850 2315 tumultus
1868 2246 2044 2316 oriantur.
2361 2312 2364 2319 .

337 2346 524 2438 serupulus
545 2358 615 2430 est,
641 2368 687 2415 ne
711 2348 950 2417 transferatur
965 2346 1157 2438 imperium
1173 2348 1219 2415 ad
1236 2358 1331 2415 exte·
1485 2345 1623 2417 Videtis
1644 2346 1684 2415 in
1697 2342 1766 2416 hoc
1783 2359 1908 2418 nostro
1924 2371 2120 2431 consensu,
2144 2370 2251 2443 quam
2273 2346 2374 2415 vana

337 2470 418 2531 ros,
458 2443 633 2518 habemus
655 2446 839 2518 solennem
866 2449 1060 2519 formulam
1087 2447 1332 2529 iurisiurandi,
1382 2447 1456 2517 sint
1488 2450 1683 2518 multorum
1711 2448 1851 2539 Regum
1887 2451 2083 2520 certamina
2115 2448 2160 2520 de
2183 2449 2374 2519 electione-z
2457 2463 2460 2467 ’

337 2549 435 2620 iuxta
460 2552 571 2643 quain
596 2550 703 2619 lidem
724 2550 824 2621 dabit
841 2550 1012 2635 Carolus,
1046 2574 1083 2621 se
1103 2572 1180 2618 non
1198 2550 1332 2619 labefa·
1384 2549 1517 2642 quide)
1550 2552 1710 2621 futurum
1746 2564 1798 2620 est
1821 2552 2038 2646 aliquando,
2075 2552 2139 2622 ubi
2165 2552 2376 2624 dissentient

338 2664 479 2721 ctutum
503 2666 566 2722 aut
579 2664 810 2723 mutaturum
835 2653 914 2724 iura
938 2651 1121 2723 electionis
1139 2664 1282 2724 nostrae
1297 2664 1332 2721 et
1382 2652 1588 2723 Electores?
1634 2652 1782 2721 Utinam
1799 2653 1943 2747 quidem
1959 2655 2164 2723 Electorum
2181 2654 2374 2725 concordia

336 2750 484 2846 Imperii
505 2767 651 2825 statum.
712 2754 802 2825 Cum
824 2755 935 2847 igitur
957 2766 994 2826 et
1019 2754 1158 2846 origine
1181 2778 1265 2825 vere
1285 2754 1332 2826 sit
1383 2766 1555 2846 perpetua
1580 2754 1642 2835 sit;
1677 2758 1736 2825 sed
1761 2757 1872 2825 multa
1897 2757 2055 2826 incidere
2076 2770 2246 2848 possunt,
2271 2778 2375 2847 prae-

336 2856 561 2942 Germanus,
589 2868 626 2926 et
647 2868 810 2949 tempora
834 2858 997 2949 flagitent
1013 2869 1196 2949 potentem
1215 2854 1332 2950 Impe-
1382 2858 1505 2926 sertim
1531 2856 1570 2924 in
1593 2853 1661 2926 bac
1678 2857 1885 2950 disciplina,
1913 2882 2113 2929 aemorum
2131 2859 2376 2951 corruptione,

337 2971 515 3055 retorem:
559 2982 686 3029 censeo
718 2958 888 3031 Carolum
919 2958 1148 3031 Austriacum
1179 2955 1331 3029 evehen-
1383 2970 1417 3027 et
1434 2959 1661 3049 gliscentibus
1676 2959 1931 3031 Ecclesiasticis
1948 2961 2158 3045 discordiis,
2182 2986 2275 3055 quae
2298 2961 2376 3030 ani·

337 3063 423 3133 dum
449 3084 525 3133 esse
549 3063 594 3130 ad
609 3061 752 3153 imperii
768 3062 963 3155 fastigium.
1015 3061 1125 3154 Quod
1145 3060 1262 3154 ipsum
1278 3074 1331 3131 ta·
1382 3084 1462 3131 mos
1486 3083 1611 3131 eorum
1636 3061 1854 3155 disiungant.
1905 3063 2029 3157 Quare
2046 3063 2249 3155 interregna
2268 3064 2374 3156 plena

336 3186 521 3234 men-'non
540 3164 716 3249 facerem,
743 3164 812 3235 nisi
827 3164 967 3235 indoles
982 3163 1058 3235 eius
1071 3164 1177 3236 nobis
1191 3177 1278 3236 nota
1296 3175 1331 3235 et
1383 3162 1625 3256 periculorum
1648 3166 1768 3235 futura
1785 3178 1880 3236 sunt.
1930 3167 2077 3239 Accedit
2091 3178 2127 3235 et
2141 3166 2250 3249 illud,
2277 3166 2375 3261 qood

336 3267 491 3361 proheta
522 3278 624 3338 esset.
683 3264 858 3337 Omnium
881 3266 1121 3337 maximarum
1141 3266 1330 3351 virtutum,
1382 3266 1535 3337 Carolus
1557 3278 1681 3337 utetur
1703 3268 1916 3339 consiliariis
1939 3269 2018 3353 ovi,
2052 3280 2088 3339 et
2104 3270 2198 3361 leget
2219 3270 2257 3337 in
2273 3292 2375 3340 sena-

335 3369 550 3464 prae'sertim
566 3370 605 3439 in
621 3369 804 3462 principe,
829 3371 911 3442 fons
929 3381 1001 3453 est,
1026 3393 1131 3439 amor
1147 3369 1331 3464 religionis
1382 3382 1459 3440 tum
1476 3369 1657 3462 principes
1672 3371 1926 3454 Germanicos,
1954 3372 2031 3443 sine
2046 3397 2201 3466 quornm
2224 3371 2374 3443 consilio

337 3469 575 3544 Christianae.
644 3471 742 3542 Ilaec
772 3471 886 3544 virtus
917 3472 1096 3564 imprimis
1124 3473 1260 3544 eminet
1292 3472 1331 3541 in
1382 3468 1473 3542 nibil
1487 3475 1532 3541 de
1548 3474 1712 3545 maximis
1726 3476 1833 3545 rebus
1850 3476 2028 3544 decernet.

337 3575 483 3647 Carolo.
547 3576 669 3669 Quare
693 3587 880 3668 pactorum
905 3587 942 3645 et
963 3575 1196 3646 iurisiurandi
1219 3576 1330 3646 viola-
1485 3573 1646 3667 Exposui
1669 3601 1811 3659 causas,
1838 3599 1950 3670 quare
1971 3576 2147 3646 Carolum
2168 3576 2372 3667 eligendum

336 3679 474 3749 tionem
496 3690 671 3774 tanquam
695 3703 877 3750 summum
902 3678 1015 3749 scelos
1041 3679 1248 3752 detestatur.
1297 3681 1332 3749 A
1382 3701 1456 3748 esse
1478 3689 1653 3748 statuam:
1688 3701 1730 3747 ac
1754 3701 1837 3748 meo
1860 3679 1993 3748 iudicio
2015 3679 2064 3748 ita
2091 3679 2225 3749 multae
2249 3701 2375 3769 graves

337 3781 549 3852 crudelitate
571 3805 653 3851 eum
676 3777 873 3851 abhorrere
894 3792 1045 3864 natura,
1070 3781 1193 3852 multis
1210 3779 1330 3852 certis-
1382 3803 1509 3849 causae
1536 3795 1773 3866 concurrunt,
1811 3794 1852 3851 ut
1876 3776 1970 3850 hanc
1995 3782 2204 3852 electionem
2233 3805 2373 3874 sperem

337 3884 437 3957 simis
460 3883 602 3954 indiciis
625 3884 797 3977 comperi.
855 3881 897 3952 In
922 3882 1176 3954 controversiis
1200 3883 1331 3954 diiudi·
1382 3881 1600 3952 Germaniae
1616 3907 1657 3952 ac
1672 3885 1741 3953 toti
1756 3883 1925 3976 Europae
1939 3881 2131 3955 salutar'em
2146 3887 2236 3955 fore.
2264 3884 2374 3978 Quod

338 3989 480 4071 ¹caudis,
506 3985 545 4055 in
569 3987 775 4059 coercendis
797 3985 995 4080 improbis,
1021 3985 1135 4056 iustus
1159 3999 1222 4058 est.
1273 3983 1331 4055 In·
1382 3997 1503 4053 autem
1528 3985 1633 4054 initio
1656 3987 1903 4080 disputabam,
1930 4001 2106 4081 quantum
2127 3989 2222 4057 foret
2237 3986 2375 4056 incom-

339 4090 436 4183 genii
459 4089 533 4174 vis,
557 4089 773 4183 prudentia,
801 4112 843 4159 ae
866 4087 1048 4182 diligentia
1072 4088 1145 4157 iam
1171 4087 1329 4182 conspici
1381 4088 1502 4171 modi,
1534 4088 1565 4159 si
1586 4086 1788 4182 Imperator
1809 4102 1983 4182 perpetuo
2007 4093 2143 4160 abesset
2162 4103 2260 4158 extra
2284 4089 2375 4159 Ger-

336 4204 547 4286 potuerunt.
585 4189 627 4261 ln
647 4191 827 4286 tyrocinio
842 4191 959 4283 Regni
973 4191 1159 4284 Hispanici
1178 4215 1330 4284 magnos
1381 4191 1561 4274 maniam,
1595 4217 1747 4262 moveor
1771 4193 1937 4287 equidem
1961 4189 2028 4261 hac
2054 4191 2279 4272 difficultate3
2312 4193 2375 4264 sed

337 4307 458 4367 motus
482 4296 711 4387 compescuit.
761 4294 809 4365 Et
831 4307 971 4365 constat
995 4318 1076 4364 eum
1099 4317 1165 4366 sno
1183 4294 1328 4417 ingenio
1381 4295 1427 4362 de
1450 4317 1490 4362 ea
1518 4317 1556 4362 re
1580 4294 1618 4362 in
1640 4295 1795 4365 formula
1821 4295 2062 4367 constituendi
2086 4307 2121 4363 et
2142 4295 2299 4391 regendi·
2305 4292 2375 4364 lm-

338 4399 451 4467 mnlts
477 4398 634 4502 graviter
665 4410 700 4468 et
729 4399 853 4468 dextre
884 4398 1103 4490 respondere
1135 4409 1171 4467 et
1200 4399 1330 4470 consti-
1381 4395 1473 4488 perii
1490 4420 1572 4465 cum
1590 4396 1721 4466 Carolo
1737 4399 1915 4489 agendum
1930 4398 2010 4469 erit.
2061 4397 2223 4491 Cumque
2242 4391 2375 4500 babeat

340 4511 453 4571 tuere.
503 4489 638 4592 blegne
662 4501 773 4572 laus
761 4525 800 4569 ιιι
823 4501 953 4571 iuvene
975 4512 1010 4569 et
1030 4496 1119 4570 haee
1135 4513 1207 4586 est,
1233 4513 1269 4572 et
1283 4527 1329 4573 ιι
1382 4499 1656 4590 amplissimos'
1644 4524 1683 4568 m
1700 4499 1896 4570 Germania
1920 4514 1956 4572 et
1979 4501 2019 4570 in
2033 4500 2178 4592 Belgxco
2193 4523 2375 4592 principa

339 4625 451 4694 gnum
469 4605 663 4675 multarum
682 4604 834 4674 aliarum
850 4602 1045 4687 vimulum,
1071 4604 1169 4697 quod
1192 4604 1329 4722 pudici·
1382 4613 1458 4685 tus,
1483 4602 1618 4672 tribuet
1638 4598 1707 4672 hoc
1731 4605 1933 4676 necessitati
1957 4627 2080 4675 earum
2102 4602 2285 4696 gentium,
2310 4604 2375 4672 tri·

337 4807 461 4903 Quare
488 4807 692 4901 religionis,
724 4809 901 4894 iustitiae,
933 4819 969 4878 et
994 4807 1189 4902 pudicitiae
1212 4821 1329 4880 costo-
1380 4806 1464 4878 Non
1481 4807 1529 4875 ad
1542 4806 1657 4877 otrosa
1672 4811 1871 4899 spectacula
1888 4833 1925 4880 se
1942 4831 2072 4878 accersi
2062 4808 2267 4900 intelligit,
2290 4831 2373 4878 cnm
2430 4869 2432 4874 ι
2553 4795 2557 4800 ’

338 4914 420 4982 dem
434 4914 513 4983 lore
530 4913 700 4983 credibile
714 4925 778 4985 est.
815 4910 857 4981 In
871 4911 936 4981 tali
951 4923 1079 4982 natura
1098 4905 1190 4981 nibil
1205 4923 1329 5007 tyran·
1380 4909 1425 4977 ad
1453 4905 1649 5002 Imperium
1674 4922 1844 4994 vocatur,
1877 4935 1935 4982 res
1957 4934 2111 5003 magnae
2136 4911 2169 4981 ei
2194 4911 2372 5002 gerendae

336 5013 459 5086 uicum
493 5014 627 5086 exoriri
653 5027 782 5107 potest.
843 5013 984 5106 Regent
1013 5013 1108 5083 enim
1137 5038 1218 5084 eum
1245 5014 1328 5086 illae
1381 5024 1503 5082 erunt:
1537 5011 1634 5082 Galli
1648 5013 1849 5106 depellendi
1864 5038 1908 5084 ex
1923 5011 2044 5098 Italia,
2070 5013 2212 5084 'I'urcae
2227 5012 2373 5088 arcendi

336 5116 507 5204 virtutes,
531 5131 573 5190 ut
593 5129 710 5190 servet
730 5131 854 5210 pacta,
884 5116 1044 5188 utnulla
1068 5129 1213 5187 moveat
1233 5117 1326 5188 bella
1380 5114 1426 5182 ab
1449 5113 1614 5199 Austris,
1646 5116 1854 5187 liberandae
1876 5128 1912 5186 et
1933 5116 2073 5187 vicinae
2095 5117 2279 5208 regiones,
2305 5115 2372 5186 Ec·

337 5219 491 5306 iniusta,
529 5233 673 5291 utnon
699 5233 815 5292 mutet
844 5233 1000 5291 veterem
1032 5232 1067 5289 et
1097 5219 1326 5290 constitutam
1380 5215 1485 5286 clesia
1512 5219 1735 5288 emendanda
1761 5232 1797 5289 et
1823 5219 2083 5291 constituenda.
2135 5220 2273 5289 llarum
2295 5241 2372 5287 ma·

335 5323 481 5417 imperii
496 5324 663 5396 formam.
715 5321 935 5394 Excitabunt
951 5347 1032 5394 eum
1052 5322 1159 5392 etiam
1179 5323 1225 5391 ad
1241 5323 1328 5394 libe-
1379 5320 1558 5390 ximarum
1582 5343 1702 5390 rerum
1730 5347 1854 5392 curam
1886 5335 1927 5394 ut
1952 5323 2139 5415 suscipiat,
2180 5323 2255 5414 ipsa
2287 5345 2370 5391 eum

335 5429 493 5497 randum
516 5428 642 5497 orbem
668 5439 848 5497 terrarum
872 5425 1057 5518 impietate
1074 5424 1248 5511 Turcica,
1282 5429 1327 5496 ad
1379 5417 1524 5491 heroica
1549 5435 1679 5493 natura
1703 5437 1739 5493 et
1758 5425 1872 5497 virtus
1897 5425 2117 5496 exuscitabit.
2174 5425 2271 5493 Ilaec
2293 5447 2370 5492 non

335 5530 637 5623 propagationem
653 5527 832 5599 Ecclesiae
848 5524 1002 5614 Christi,
1028 5531 1074 5598 ad
1097 5530 1268 5598 tuendam
1293 5542 1329 5599 et
1379 5523 1472 5596 sinet
1495 5549 1576 5596 eum
1597 5527 1698 5596 domi
1717 5527 1945 5621 languescere
1967 5529 2044 5598 otio
2064 5539 2100 5598 et
2114 5526 2370 5619 voluptatibus.

335 5633 570 5704 muniendam
588 5632 833 5725 disciplinam,
858 5643 900 5701 ut
914 5627 1080 5704 homines
1095 5633 1140 5701 ad
1156 5632 1327 5724 pietatem

336 5745 374 5808 et
395 5749 555 5810 caeteras
582 5735 731 5806 virtutes
751 5733 954 5838 assuefiant.
1003 5736 1057 5808 Ac
1078 5758 1124 5804 ne
1141 5734 1326 5829 ingenium
1463 5797 1527 5862 quta
1558 5795 1601 5850 sto
1616 5798 1704 5860 mm
1721 5801 1818 5870 m,
1841 5799 1936 5867 m,
1960 5799 2054 5860 Μ
2078 5797 2173 5866 w
2192 5793 2288 5859 m
2316 5794 2368 5848 m

338 5838 413 5913 eius
437 5835 528 5911 mihi
543 5838 807 5933 inexploratum
825 5860 899 5910 esse
916 5837 1064 5930 putetis:
1094 5838 1328 5930 prudentissi·
1412 5795 1616 5934 ”tanlquam
