5534 6700
396 580 469 657 so1
1015 574 1141 650 nnn.
1167 574 1282 649 nan.
1308 571 1514 648 scarrrs
1543 570 1813 647 nrsronrcs.
2163 628 2166 635 .
2356 575 2436 657 m

296 719 298 723 Ι
336 798 338 803 -
395 752 502 825 rebus
535 750 724 843 ambiguis.
789 747 868 840 Ego
900 772 987 819 vero
1015 761 1111 819 certa
1139 761 1176 819 et
1201 748 1386 841 explorata
1438 769 1505 817 nec
1520 744 1653 838 Belgae
1674 770 1740 817 nec
1757 746 1939 819 Austriaci
1961 745 2156 840 parerent?
2207 745 2256 817 Et
2276 714 2318 821 ut
2335 749 2432 823 tutn-

241 892 244 899 ·
323 902 325 906 -
395 877 655 927 commemoro.
720 849 796 920 lam
824 851 942 937 enim,
975 864 1018 923 nt
1042 849 1137 935 diri,
1168 852 1302 922 bellum
1325 851 1387 920 de·
1438 872 1521 919 rum
1536 872 1613 919 non
1629 847 1769 933 dubito,
1789 851 1821 921 si
1833 849 1968 921 bellurn
1984 849 2079 923 inter
2094 850 2187 920 duos
2201 849 2330 942 Reges,
2344 853 2434 925 Gal-

393 956 601 1045 nnntiatum
624 967 696 1039 est,
720 953 915 1046 conscripti
932 953 1127 1038 exercitus,
1152 978 1244 1049 qnos
1264 967 1387 1022 tamen
1437 950 1548 1021 licum
1573 962 1610 1021 et
1629 949 1886 1043 Hispanicum,
1917 952 1957 1021 in
1976 949 2143 1044 Belgico,
2177 953 2303 1025 autin
2327 952 2432 1027 ltalia

393 1060 490 1131 fama
522 1069 666 1127 nostrae
695 1055 901 1142 electionis,
933 1056 964 1128 si
994 1057 1086 1128 alius
1109 1056 1220 1127 luerit
1243 1055 1387 1139 electus,
1439 1053 1614 1124 oriretur:
1647 1075 1695 1123 an
1718 1050 1938 1147 Imperator,
1963 1054 2061 1125 velut
2085 1054 2222 1147 otiosus
2236 1069 2434 1149 spectator,

393 1160 498 1233 facile
521 1157 707 1252 reprimet.
1438 1155 1573 1227 sineret
1594 1156 1684 1226 duas
1706 1169 1844 1228 exteras
1859 1157 2025 1229 nationes
2039 1156 2198 1249 diripere
2211 1159 2346 1229 bonam
2365 1160 2435 1230 im·

497 1260 620 1354 Quare
652 1272 693 1332 ut
713 1259 837 1330 finiam
859 1255 955 1330 hanc
978 1259 1279 1353 disputationem,
1313 1256 1387 1350 pri·
1439 1258 1531 1351 perii
1555 1257 1721 1350 partem?
1773 1257 1896 1353 Quid?
1929 1260 2029 1354 quod
2052 1259 2121 1353 ipsi
2141 1260 2323 1354 principes
2341 1262 2434 1334 Ger·

394 1388 494 1436 mum
518 1365 594 1454 lege
616 1375 652 1432 et
674 1363 881 1434 iuramento
901 1362 1071 1456 impediri
1086 1388 1154 1436 nos
1169 1385 1315 1445 censeo,
1340 1385 1386 1430 ne
1440 1361 1601 1444 maniae,
1626 1372 1668 1432 ut
1680 1384 1777 1433 nunc
1792 1375 1876 1433 sunt
1892 1386 2031 1447 mores,
2054 1374 2176 1454 spreto
2192 1388 2259 1434 suo
2274 1362 2434 1457 lmpera·

287 1512 290 1519 ·
393 1467 530 1559 Regem
546 1466 725 1537 Gallicum
741 1464 972 1537 Franeiscum
987 1468 1034 1537 ad
1047 1465 1192 1559 imperii
1203 1461 1386 1554 fastigium
1438 1475 1537 1548 tore,
1563 1463 1625 1533 alii
1640 1488 1678 1535 se
1693 1488 1774 1534 cum
1792 1463 2008 1549 Austriacis,
2034 1465 2096 1534 alii
2115 1489 2196 1535 curn
2210 1466 2326 1539 Gallis
2345 1492 2431 1538 con·
2454 1490 2462 1507 ’

394 1565 601 1642 evehamus.
652 1567 793 1639 Deinde
810 1569 939 1650 etiarn,
964 1570 996 1640 si
1011 1569 1140 1662 eligere
1155 1593 1237 1640 eum
1250 1567 1387 1651 liceret,
1438 1564 1609 1658 iungent?
1662 1566 1712 1637 Ut
1726 1566 1836 1658 igitur
1854 1568 1995 1660 lepores
2012 1567 2181 1639 dicuntur
2196 1569 2329 1641 frustra
2344 1596 2430 1641 con·

394 1696 523 1745 censeo
544 1671 582 1741 id
602 1696 679 1740 non
700 1695 774 1744 esse
793 1696 811 1741 e
830 1670 1032 1765 republica,
1058 1673 1121 1742 sed
1137 1673 1298 1743 futurum
1314 1668 1387 1738 exi-
1438 1667 1577 1737 cionari
1605 1668 1790 1754 leonibus,
1828 1670 1878 1741 ita
1908 1670 2045 1743 sedebit
2069 1682 2192 1740 noster
2212 1669 2431 1765 Imperator,

392 1775 478 1846 tiale
500 1773 718 1846 Germaniae
748 1787 784 1844 et
810 1774 971 1846 fortassis
991 1773 1181 1846 universae
1202 1771 1385 1864 Europae.
1438 1772 1536 1840 velut
1559 1770 1680 1862 lepus,
1713 1773 1829 1843 edicta
1851 1796 2070 1866 componens
2089 1773 2273 1859 leonibus,
2306 1776 2431 1845 videli-

395 1876 520 1973 Qurre
554 1878 727 1969 profiteor
760 1901 819 1946 me
849 1874 1021 1969 suffragio
1047 1902 1130 1949 meo
1154 1897 1385 1972 nequaquam
1438 1885 1494 1943 cet
1519 1872 1595 1944 istis
1615 1872 1790 1965 Regibus:
1835 1900 1927 1970 quae
1951 1876 2065 1946 edicta
2089 1875 2278 1949 derideant
2304 1902 2431 1951 ornnes

393 2002 572 2051 accersere
589 1979 735 2049 Gallum
751 1981 797 2048 ad
812 1978 1018 2072 imperium.
1439 1987 1579 2046 exterae
1604 1978 1782 2049 nationes.
1834 1977 1956 2049 Minus
1976 1978 2127 2071 periculi
2147 1978 2234 2064 suit,
2268 2004 2348 2050 cum
2373 1994 2431 2052 re-'

495 2081 649 2151 Restant
663 2084 755 2153 dnae
769 2080 1039 2154 deliberationis
1052 2095 1187 2174 partes,
1212 2104 1260 2151 an
1274 2076 1387 2149 Caro-
1438 2090 1564 2169 gnaret
1587 2077 1793 2152 Fridericus
1816 2078 1892 2153 lll.:
1933 2093 1969 2151 et
1990 2095 2111 2152 tamen
2134 2081 2300 2153 dedecori
2321 2084 2428 2155 nobis

393 2185 450 2257 lus
470 2183 518 2255 sit
538 2183 741 2274 eligendus,
766 2197 830 2259 aut
846 2185 937 2257 alius
953 2184 1132 2281 quispiam
1150 2180 1387 2254 Germanicus
1437 2180 1523 2262 fuit,
1559 2192 1646 2251 tunc
1668 2182 1907 2275 Burgundum
1939 2185 2033 2254 ferre
2065 2184 2165 2274 signa
2196 2209 2262 2276 per
2291 2186 2426 2256 bonam

393 2286 571 2380 princeps.
615 2286 713 2357 Haec
737 2287 948 2359 deliberatio
966 2289 1082 2359 multo
1100 2283 1191 2357 mihi
1206 2283 1386 2357 difficilior
1437 2282 1654 2353 Germaniae
1677 2299 1835 2376 partem;
1868 2281 2080 2378 Philippum
2101 2286 2255 2356 Mariam
2278 2287 2428 2380 impune

393 2401 457 2461 est.
477 2388 767 2462 Nam'deCarolo
783 2390 915 2482 opinor
929 2392 1120 2485 plerosque
1129 2403 1287 2463 vestrum
1301 2409 1386 2478 pro-
1437 2385 1592 2477 grassari
1607 2384 1647 2455 in
1662 2383 1784 2468 ltalia;
1818 2388 1904 2458 alibi
1921 2388 2029 2459 etiam
2048 2389 2300 2461 circumsederi
2311 2388 2430 2482 lmpe·

392 2503 474 2585 pter
496 2492 629 2564 multas
653 2516 780 2584 graves
804 2517 927 2565 causas
947 2493 1134 2577 dubitare,
1160 2515 1253 2587 qnae
1275 2489 1384 2560 etiam
1436 2498 1595 2557 ratorem
1618 2489 1658 2557 in
1677 2489 1753 2581 ipsa
1768 2489 1933 2576 Austris,
1964 2515 2030 2565 ner
2051 2491 2121 2563 nisi
2141 2487 2348 2565 Bohemicis
2365 2518 2430 2565 au·

347 2678 350 2688 ‚
392 2619 514 2667 meum
542 2595 703 2665 animum
735 2619 811 2664 non
840 2594 967 2665 leviter
999 2609 1159 2666 movent.
1218 2593 1385 2664 Primum
1437 2589 1726 2678 siliisliberari,
1760 2606 1942 2686 postremo
1968 2596 2014 2663 ab
2038 2592 2219 2686 Hungaris
2243 2595 2329 2687 pelli
2355 2598 2429 2668 Au·

392 2696 567 2789 Hispania
589 2698 695 2790 longe
718 2697 840 2769 dissita
865 2711 918 2769 est
938 2722 958 2767 a
981 2696 1199 2781 Germania,
1225 2697 1324 2791 qnod
1344 2706 1387 2765 ut
1436 2692 1545 2776 stria,
1579 2707 1616 2765 et
1638 2694 1719 2763 eiici
1744 2720 1787 2766 ex
1811 2697 1884 2768 suis
1910 2697 2060 2767 laribus:
2101 2720 2182 2768 eum
2208 2697 2354 2790 quidem
2382 2721 2427 2767 ea

392 2798 550 2871 libertati
571 2812 716 2871 nostrae
735 2801 847 2872 tutius
869 2800 1031 2885 videtur,
1063 2802 1134 2886 ita,
1166 2799 1197 2871 si
1213 2798 1383 2880 Carolum
1437 2805 1552 2863 aetate
1566 2792 1715 2867 haberet
1730 2799 1940 2872 coniunctos
1955 2799 2153 2892 principes,
2177 2824 2297 2870 meum
2315 2824 2427 2871 avum

393 2901 606 2973 detinebunt
622 2901 838 2996 Hispaniae,
863 2903 999 2974 interea
1022 2903 1099 2975 sine
1122 2901 1323 2996 praesidio,
1350 2912 1386 2970 et
1436 2893 1686 2969 Marchionem
1703 2900 1912 2986 Albertum,
1944 2903 2075 2972 fortem
2097 2914 2134 2971 et
2152 2901 2352 2996 sapientem
2375 2902 2429 2971 vi·

393 3004 470 3076 sine
494 3008 641 3075 custode
665 3006 830 3097 publicae
852 3005 1124 3100 tranquillitatis
1148 3005 1216 3075 erit
1233 3005 1385 3075 Germa·
1436 3023 1540 3083 rum,
1566 3014 1602 3071 et
1617 3001 1806 3073 Albertum
1822 3003 1999 3076 Saxoniae
2016 3003 2170 3081 Ducem.
2217 3004 2315 3098 Quid
2330 3029 2428 3076 nunc

392 3107 467 3179 nia.
518 3104 568 3175 Et
591 3106 648 3174 vel
664 3106 811 3176 Turrici
827 3107 912 3176 belli
929 3133 1056 3192 causa,
1083 3109 1141 3178 vel
1154 3119 1304 3200 propter
1321 3107 1385 3175 do-
1436 3103 1557 3185 fieret,
1591 3128 1672 3174 cum
1696 3106 1809 3175 exteri
1831 3131 1931 3198 reges
1955 3102 2131 3178 haberent
2145 3105 2207 3177 alii
2222 3107 2310 3179 alios
2326 3107 2428 3200 prin·

392 3207 559 3279 mesticos
578 3207 783 3300 principum
806 3211 1000 3295 tumultus,
1032 3211 1222 3283 necessitas
1242 3209 1383 3302 publica
1437 3204 1533 3297 cipes
1553 3205 1740 3299 stipendiis
1756 3206 1956 3300 obligatos?
2007 3208 2054 3279 Et
2070 3234 2179 3306 quam
2197 3212 2331 3280 multae
2345 3233 2429 3280 cau·

393 3308 552 3403 flagitat,
586 3321 627 3382 ut
659 3311 757 3383 velut
790 3310 828 3382 in
860 3314 1016 3385 statione
1047 3314 1141 3386 adsit
1171 3311 1385 3406 Imperator.
1437 3330 1497 3379 sae
1514 3305 1672 3382 incidere
1687 3325 1856 3404 possunt,
1883 3312 1939 3383 vel
1954 3312 2178 3407 principibus
2197 3313 2255 3384 vel
2277 3311 2431 3384 civitati·

394 3412 518 3509 Quid?
551 3414 581 3485 si
605 3413 712 3483 etiam
738 3416 857 3487 subito
881 3419 925 3487 de
949 3418 1125 3512 imperio,
1158 3430 1221 3487 aut
1240 3418 1285 3486 de
1303 3414 1386 3486 reli-
1436 3411 1504 3481 bus
1526 3411 1779 3486 detrectandae
1805 3416 2047 3486 obedientiae!
2113 3415 2293 3487 Videntur
2319 3416 2431 3486 etiarn

394 3517 501 3609 gione
518 3517 689 3588 exarserit
705 3517 825 3614 aliqua
842 3520 996 3591 seditio?
1037 3519 1216 3615 Equidem
1236 3514 1386 3611 perhor·
1437 3515 1482 3584 de
1498 3514 1672 3607 religione
1688 3517 1895 3611 impendere
1909 3515 2101 3589 horribiles
2118 3520 2304 3591 tumultus.
2337 3518 2432 3590 Sunt

393 3643 513 3702 resco,
540 3621 721 3712 cogitans,
748 3635 923 3716 quantum
947 3637 1033 3694 tunc
1048 3618 1217 3693 habitura
1232 3623 1278 3692 sit
1290 3620 1386 3714 peri·
1438 3615 1534 3687 enirn
1556 3619 1695 3690 semina
1715 3621 1787 3690 iam
1811 3645 1934 3714 sparsa
1958 3623 2002 3691 de
2023 3622 2276 3713 indulgentiis,
2303 3623 2347 3691 de
2363 3646 2430 3713 po-

394 3717 464 3792 culi
479 3717 567 3791 baec
582 3723 683 3792 natio
701 3724 844 3794 absente
858 3723 1093 3818 Imperatore.
1129 3723 1263 3794 Fateor
1277 3720 1387 3795 huius
1437 3731 1563 3790 testate
1587 3723 1790 3814 pontificia,
1823 3726 1868 3794 de
1888 3725 2082 3796 autoritate
2099 3723 2428 3796 Ecclesiasticarum

393 3823 545 3918 periculi
567 3824 784 3916 cogitatione
804 3829 889 3919 angi
912 3829 1073 3897 animum
1090 3852 1224 3899 meum.
1275 3827 1386 3898 Aliud
1438 3821 1695 3910 traditionum,
1720 3850 1813 3921 quae
1828 3826 1968 3898 etiamsi
1984 3823 2102 3897 adhuc
2117 3827 2293 3920 sanabilia
2311 3825 2428 3897 existi-

392 3927 508 3998 levius
533 3938 606 4011 est,
639 3928 701 3998 sed
726 3941 846 3998 tamen
871 3955 947 4000 non
971 3932 1287 4002 contemnendum.
1347 3929 1386 4000 Si
1437 3938 1605 4012 mantnt,
1645 3941 1767 3999 tamen
1791 3929 1902 4022 paulo
1923 3942 2025 4022 post,
2065 3953 2236 4023 magnam
2260 3927 2430 4001 mutatio·

394 4029 492 4100 eninr
515 4028 631 4100 iratus
654 4030 849 4126 aliquando
865 4033 903 4101 in
918 4033 1152 4104 Germaniam
1168 4033 1324 4116 veniret,
1350 4046 1387 4102 et
1437 4052 1521 4098 nem
1541 4030 1728 4102 universae
1747 4030 1926 4103 Ecclesiae
1949 4032 2110 4105 afferent.
2162 4033 2310 4105 Nullum
2331 4032 2431 4104 enim

393 4132 575 4224 Hispanos
598 4134 810 4204 adduceret:
837 4135 984 4208 libertas
1002 4149 1127 4210 nostra
1146 4159 1221 4206 non
1239 4148 1329 4208 esset
1346 4134 1387 4204 in
1438 4131 1624 4202 doctrinae
1650 4158 1762 4226 genus
1788 4134 1925 4204 maiore
1952 4136 2128 4227 applausu
2155 4150 2341 4230 exceptum
2365 4148 2432 4221 est,

392 4247 485 4306 tuto.
535 4232 714 4308 Fortassis
734 4249 770 4307 et
784 4236 937 4331 Hispani
960 4239 1150 4312 difficulter
1162 4238 1267 4310 nobis
1285 4238 1387 4308 resti·
1438 4256 1549 4328 quam
1572 4230 1653 4308 hoc.
1710 4236 1757 4308 Et
1776 4237 1937 4332 quotidie
1959 4239 2064 4330 plura
2088 4241 2257 4331 dogmata
2280 4263 2432 4309 moven-

392 4349 497 4418 tuent
511 4337 657 4431 imperii
670 4341 796 4425 decus,
816 4356 1008 4438 postquam
1022 4343 1133 4415 semel
1144 4342 1183 4412 in
1197 4337 1290 4411 hanc
1305 4365 1387 4433 pos-
1438 4349 1518 4420 tur,
1551 4336 1742 4411 irritantur
1768 4340 1915 4432 ingenia
1943 4342 2245 4414 ferocissimarum
2268 4343 2431 4433 gentium

393 4440 588 4514 sessionem
617 4441 803 4528 venerint,
837 4445 1049 4537 praesertim
1074 4470 1156 4516 cum
1179 4444 1318 4515 aditum
1339 4445 1387 4513 ad
1438 4439 1478 4507 in
1494 4439 1711 4529 Germania,
1737 4444 1933 4516 Saxonicae
1953 4458 1989 4514 et
2003 4445 2218 4518 Helveticae.
2269 4445 2344 4517 Nec
2365 4469 2433 4537 po·

392 4541 533 4614 ltaliam
567 4543 618 4616 eis
651 4544 855 4637 patefaciat.
920 4547 969 4619 Et
1000 4572 1081 4619 curn
1113 4572 1179 4619 suo
1212 4546 1386 4637 sanguine
1438 4542 1525 4613 terit
1546 4543 1623 4615 sine
1639 4544 1786 4641 Synodo
1815 4548 2056 4643 tranquillitas
2076 4547 2255 4620 Ecclesiae
2278 4548 2432 4621 restitui.

395 4649 661 4740 recuperabunt
684 4648 955 4735 Mediolanum,
989 4675 1066 4721 non
1090 4651 1168 4723 sine
1192 4649 1387 4720 certamine
1440 4645 1542 4739 Quae
1572 4660 1692 4720 autem
1722 4649 1792 4720 erit
1818 4651 1954 4721 infirmi
1984 4648 2217 4744 Imperatoris
2242 4653 2433 4736 autoritas,

394 4748 479 4821 inde
501 4751 607 4822 nobis
631 4751 764 4823 cessuri
785 4766 881 4825 sunt.
932 4751 1126 4825 Videretur
1140 4752 1250 4846 igitur
1263 4753 1388 4838 tutius,
1439 4749 1496 4819 vel
1509 4748 1549 4818 in
1561 4753 1717 4842 petenda
1734 4753 1901 4847 Synodo,
1927 4754 1984 4823 vel
2000 4754 2039 4823 in
2056 4756 2302 4840 defendenda,
2328 4776 2432 4848 prae·
2498 4821 2511 4834 „

394 4853 536 4926 omissis
550 4856 678 4926 exteris
693 4856 857 4948 regibus,
881 4856 1011 4949 eligere
1027 4857 1206 4953 aliquem,
1230 4857 1386 4950 pruden·
1439 4852 1563 4937 sertim
1580 4854 1612 4925 si
1629 4856 1764 4927 caeteri
1777 4882 1877 4950 ceges
1894 4857 2203 4929 adversabuntur?
2240 4853 2342 4931 Nihil
2357 4856 2432 4925 iam

394 4956 464 5042 tia,
488 4956 643 5040 iustitia,
667 4959 899 5046 fortitudine,
925 4973 961 5030 et
982 4963 1052 5031 fide
1076 4972 1317 5052 praestantem
1335 4959 1388 5027 vi·
1440 4957 1484 5025 de
1500 4955 1665 5029 Tuscicis
1689 4959 1793 5032 bellis
1816 4960 1956 5044 dicam,
1979 4960 2046 5031 etsi
2068 4974 2233 5032 nostrum
2252 4974 2324 5045 est,
2355 4984 2434 5030 non

393 5083 476 5131 rum
511 5084 554 5129 ex
586 5059 735 5154 reliquis
762 5061 896 5135 nostris
930 5063 1174 5155 principibus,
1212 5074 1253 5131 ut
1280 5084 1388 5153 saepe
1439 5061 1550 5128 modo
1573 5061 1618 5132 de
1639 5062 1872 5134 defendendis
1893 5060 2024 5134 linibus
2045 5064 2198 5150 nostris,
2231 5063 2433 5136 sedetiam

393 5161 550 5233 maiores
566 5164 683 5233 nostri
695 5165 877 5250 lecerunt,
910 5166 973 5261 qui
989 5167 1201 5261 plerumque
1217 5163 1387 5235 virtutem
1440 5163 1696 5236 deliberanda
1724 5165 1877 5237 Graecia
1904 5164 2073 5258 cogitare.
2133 5167 2252 5261 Quam
2279 5168 2326 5238 ad
2353 5191 2433 5238 rem

393 5265 433 5334 in
449 5264 622 5335 electione
641 5268 754 5357 magis
773 5280 969 5360 spectasse,
996 5293 1105 5366 quam
1120 5267 1318 5362 potentiam
1335 5268 1388 5338 vi·
1440 5291 1532 5360 opus
1553 5281 1607 5341 est
1627 5267 1823 5340 multarum
1844 5268 2035 5341 nationum
2055 5270 2188 5363 copiis,
2223 5283 2259 5341 et
2281 5270 2434 5356 viribus,

393 5369 537 5439 dentur.
1440 5395 1530 5465 quas
1551 5367 1765 5444 contrahere
1780 5369 2003 5463 Imperator,
2027 5373 2203 5466 siparum
2219 5367 2353 5444 habeat
2369 5398 2433 5444 au·

496 5474 663 5564 Agnosco
683 5472 721 5543 id
746 5472 913 5569 quidem
954 5474 1016 5544 sed
1040 5486 1126 5545 tunc
1148 5474 1275 5568 populi
1297 5473 1388 5548 Ger·
1439 5473 1616 5561 toritatis,
1646 5498 1724 5544 non
1752 5475 1897 5567 poterit.
1960 5475 2059 5549 Haec
2087 5490 2195 5572 atque
2220 5478 2290 5547 alia
2316 5477 2430 5548 multa

393 5573 536 5645 maniae
551 5576 671 5647 minus
686 5589 1043 5650 erantcontumaees.
1094 5577 1215 5649 Facile
1232 5591 1321 5662 erat,
1346 5590 1389 5649 ut
1438 5601 1560 5647 meum
1577 5575 1740 5648 animum
1751 5580 1955 5667 adducunt,
1980 5593 2021 5652 ut
2036 5581 2075 5651 in
2092 5576 2160 5651 hac
2177 5581 2349 5652 electione
2364 5603 2431 5673 po·

392 5677 586 5773 diciturjin
607 5681 823 5773 proverbio,
854 5681 1046 5774 imperium
1068 5681 1239 5754 inbonis.
1281 5679 1387 5755 Nunc
1438 5679 1572 5750 tentiae
1604 5679 1784 5752 rationem
1811 5686 2012 5755 ducendam
2044 5710 2118 5757 esse
2150 5685 2326 5771 iudicem,
2361 5682 2437 5755 nisi

392 5793 512 5853 autem
537 5783 625 5881 quid
647 5786 769 5872 tieret,
800 5784 831 5859 si
853 5786 965 5857 electo
986 5782 1207 5882 Imperatore
1228 5783 1387 5868 infirmo,
1436 5780 1698 5876 Imperatorem
1714 5786 1867 5862 velimus
1882 5784 2037 5873 habere,
2061 5789 2125 5883 qui
2142 5788 2286 5861 titulum
2302 5801 2339 5860 et
2353 5814 2433 5859 um-
