5534 6700
295 561 370 637 sn
603 460 688 588 w
812 549 888 624 rr.
938 542 1647 622 murnentanununecuess
1671 540 1834 622 κλωπ).
2248 553 2332 634 ω.

298 729 513 810 commoda,
537 724 721 818 religionis
736 735 980 816 contemptus,
1004 721 1183 814 periuria,
1209 743 1288 790 cae·
1341 719 1449 791 sistas.
1499 719 1709 810 Significant
1725 731 1843 791 autem
1863 721 2083 812 privationes
2096 749 2170 796 non
2189 739 2332 798 contra·

298 837 379 916 des,
405 843 548 920 stupra,
571 827 789 899 vastationes
805 849 995 917 agrorum„
1021 837 1057 897 et
1073 822 1215 895 similia.
1339 822 1413 893 rias
1432 846 1488 893 res
1510 835 1571 893 aut
1591 823 1746 907 formas,
1778 836 1841 901 snt
1866 824 2073 918 qualitates,
2106 830 2169 899 sed
2190 841 2330 902 tantun

1340 927 1567 1018 quarundam
1593 927 1791 995 formarum
1819 939 1881 995 aut
1912 927 2126 1020 qualitatum
2156 932 2332 1024 despotia·
2359 920 2363 927 ’

1342 1026 1489 1096 tionem.
1542 1025 1703 1097 Caecitas
1725 1029 1820 1099 euim
1842 1044 2007 1114 nonest,
2033 1031 2102 1101 uisi
2117 1033 2331 1128 despoliatio

403 1134 510 1226 Quod
532 1129 676 1200 effectus
694 1128 773 1210 alii,
800 1151 866 1200 nos
885 1141 1012 1198 eventa
1030 1151 1211 1196 vocamus.
1341 1127 1454 1207 visus;
1497 1127 1665 1197 tenebrae
1693 1152 1768 1198 non
1799 1127 1868 1201 nisi
1895 1133 2108 1226 despoliatio
2134 1135 2232 1207 lucis.
2290 1134 2331 1208 lu

400 1235 458 1304 Ab
480 1230 535 1303 his
557 1231 707 1323 perinde
728 1243 768 1300 ut
789 1255 808 1298 a
832 1229 963 1303 caussis
978 1225 1169 1299 trahuntur
1186 1251 1288 1320 argu·
1337 1225 1396 1300 his
1413 1230 1498 1298 item
1514 1230 1564 1301 sic
1582 1246 1892 1323 argumentamur:
1921 1233 2109 1306 Tenebrae
2130 1244 2230 1322 sunt,
2255 1261 2331 1308 nou

300 1351 433 1413 menta.
1045 1368 1049 1377 ·
1340 1345 1394 1403 est
1407 1332 1517 1423 igitur
1534 1333 1607 1414 lux,

399 1439 457 1510 Ab
474 1437 602 1508 effectu
616 1459 759 1507 caussae
776 1431 1027 1530 efficientis⁸⁸),
1049 1445 1099 1519 ut,
1118 1430 1205 1502 Dies
1223 1445 1289 1516 est,
1443 1434 1829 1523 Contradictoriorum,
1848 1463 1941 1534 quae
1957 1442 2222 1533 propositiones
2236 1458 2333 1530 sunt,

299 1569 383 1637 ergo
408 1543 461 1615 sol
487 1553 587 1612 ortus
614 1551 676 1610 est.
729 1537 854 1608 Proles
879 1549 931 1606 est
955 1533 1137 1617 Traiano,
1166 1536 1290 1628 genuit
1340 1536 1538 1634 interquas
1553 1539 1654 1609 nullo
1672 1542 1781 1610 modo
1798 1543 1977 1626 convenit,
2004 1556 2055 1628 ut,
2081 1542 2333 1619 loannesscri·

298 1649 419 1742 igitur.
478 1641 637 1714 Verbum
663 1640 719 1710 dei
744 1639 845 1710 audit
867 1637 1073 1721 Cornelius,
1108 1649 1160 1708 est
1180 1637 1290 1729 igitur
1341 1640 1412 1723 bit,
1437 1639 1591 1713 loannes
1608 1639 1682 1712 non
1699 1643 1840 1725 scribit,
1866 1668 1958 1739 quae
1976 1669 2161 1740 nunquam
2182 1660 2334 1740 possunt

298 1776 340 1821 01
360 1751 441 1819 deo.
1342 1746 1467 1813 eodem
1486 1757 1647 1833 tempore
1663 1745 1867 1816 convenire.
1901 1747 1970 1816 Sed
1986 1748 2030 1815 de
2045 1751 2332 1824 contradictoriis

402 1853 435 1921 Α
459 1846 629 1930 materia,
657 1840 802 1937 Cyphus
825 1841 995 1934 liquitur,
1021 1867 1096 1912 non
1114 1855 1166 1915 est
1181 1840 1289 1935 igitur
1342 1857 1378 1913 et
1397 1868 1506 1937 supra
1526 1845 1692 1918 diximus.
1743 1844 1784 1915 ln
1801 1843 1856 1917 his
1871 1848 1921 1918 sic
1936 1865 2242 1940 argumentamur.
2293 1848 2332 1924 Si

299 1956 447 2046 ligneus.
1342 1969 1466 2017 verum
1483 1962 1534 2018 est
1549 1950 1841 2040 pronuntiatum:
1865 1950 1996 2021 Caesar
2013 1953 2332 2048 vicitPompeium,

401 2053 578 2132 Alorma,
594 2047 979 2137 Volubilisestglobus,
997 2059 1048 2116 est
1062 2045 1171 2137 igitur
1187 2059 1289 2117 teres.
1343 2048 1561 2140 impossibile
1600 2065 1653 2119 est
1685 2051 2003 2122 contradictorium
2038 2059 2330 2147 pronuntiatum:

398 2159 432 2227 A
446 2154 595 2236 linibus,
621 2151 708 2243 Agri
725 2149 854 2220 vastati
871 2162 973 2233 sunt,
1000 2150 1089 2220 caesi
1105 2151 1202 2217 ferro
1218 2149 1290 2217 cul·
1342 2148 1475 2221 Caesar
1492 2175 1567 2220 non
1588 2151 1672 2220 vicit
1687 2152 1915 2244 Pompeium.
1967 2156 2050 2228 Non
2066 2173 2118 2229 est
2134 2160 2229 2228 euim
2248 2185 2332 2231 con-

299 2272 415 2342 tores,
441 2257 573 2326 bellum
589 2257 698 2346 igitur
715 2253 794 2323 luit.
1343 2253 1530 2335 tradictio,
1556 2253 1625 2325 nisi
1641 2254 1677 2322 in
1694 2257 1947 2346 pronuntiatis.

400 2358 570 2448 Exempla
602 2381 668 2446 pro
695 2380 732 2424 se
754 2353 905 2448 quisque
929 2353 1117 2444 diligenter
1140 2366 1289 2422 venetur
1444 2353 1572 2439 Vides,
1607 2382 1700 2451 quae
1730 2359 1776 2429 sit
1805 2360 1842 2428 in
1869 2362 2111 2452 pugnantibus
2143 2387 2332 2456 argumen-

299 2487 341 2530 ex
358 2461 504 2553 optimis
520 2460 719 2553 quibusque
736 2453 990 2547 scriptoribus,
1017 2479 1108 2548 quae
1129 2456 1288 2525 dicturus
1342 2457 1443 2525 tandi
1466 2459 1599 2549 ligura,
1624 2460 1685 2526 ubi
1708 2461 1917 2552 simpliciter
1942 2464 2055 2532 altero
2083 2470 2270 2559 proposito
2296 2480 2332 2538 et

304 2576 367 2634 aut
390 2564 586 2654 scripturus
607 2560 786 2642 imitetur,
812 2556 915 2626 nobis
933 2556 1017 2627 satis
1034 2557 1148 2627 visum
1169 2570 1221 2628 est
1235 2557 1289 2626 in·
1312 2630 1315 2651 Ι
1341 2561 1551 2644 adfirmato,
1578 2562 1730 2631 alterum
1755 2565 1893 2634 tollitur
1912 2578 1947 2633 et
1960 2579 2131 2657 negatur,
2161 2571 2259 2663 qnod
2275 2593 2332 2638 ar·

302 2667 435 2738 dicasse
453 2661 726 2756 argumentandi
742 2663 903 2730 modum.
955 2657 1079 2752 Neque
1092 2683 1219 2751 parum
1234 2684 1289 2728 re·
1312 2654 1316 2770 l
1341 2665 1574 2752 gumentandi
1596 2688 1707 2754 genus
1733 2666 1879 2756 proprie
1909 2682 2083 2738 vocarunt
2105 2684 2241 2743 veteres
2267 2694 2332 2742 en·

301 2770 391 2852 lert,
418 2784 632 2862 quocunque
647 2763 834 2858 proposito
850 2757 1027 2843 themate,
1051 2762 1172 2832 statim
1192 2784 1290 2833 caus·
1342 2760 1535 2857 thymema.
1587 2766 1661 2836 Nos
1683 2791 1769 2836 vero
1792 2768 2049 2860 Peripateticos
2072 2775 2183 2842 secuti
2205 2770 2332 2868 enthy-

301 2895 357 2941 sas
373 2872 560 2941 effectusve
579 2891 812 2960 cognoscere,
835 2863 908 2933 imo
928 2863 1118 2955 peculiaris
1136 2876 1188 2934 est
1205 2888 1288 2957 ope·
1341 2867 1505 2937 mematis
1525 2868 1698 2938 vocabulo
1714 2868 1859 2941 liberius
1874 2871 1929 2942 usi
1943 2896 2076 2943 sumus.

300 2996 382 3056 rae,
407 2971 636 3066 perquirere,
661 2995 704 3040 ex
723 2968 852 3064 quibus
868 2967 955 3060 quid
976 2979 1168 3060 sequatur,
1196 2992 1288 3062 quae
1444 2968 1523 3040 Huc
1551 2971 1734 3061 pertinent
1764 2985 1799 3040 et
1829 2973 2072 3059 differentiae,
2108 2990 2144 3046 et
2165 2978 2328 3048 diversae

301 3074 470 3168 cuiusque
486 3074 540 3144 rei
557 3095 722 3155 caussae,
748 3071 812 3165 qui
831 3067 976 3139 effectus
997 3069 1080 3141 sint.
1341 3069 1494 3162 species,
1520 3072 1558 3140 in
1573 3072 1702 3166 quibus
1716 3097 1856 3147 necesse
1871 3090 1944 3161 est,
1964 3091 2023 3161 ut,
2047 3079 2223 3153 affirmata
2245 3102 2331 3164 una,

1341 3172 1500 3266 reliquae
1524 3175 1714 3260 tollantur,
1749 3189 1806 3260 ut,
1842 3175 1993 3250 loannes
2018 3176 2128 3250 homo
2152 3196 2222 3267 est,
2255 3204 2330 3252 uon

1312 3250 1394 3360 lest
1422 3275 1531 3367 igitur
1551 3277 1711 3350 brutum.
1774 3277 1832 3348 Sic
1861 3283 1905 3351 de
1933 3284 2064 3354 caussis
2094 3306 2236 3368 rerum,
2267 3283 2331 3355 ubi

405 3379 706 3475 Apugnantibus,
728 3391 765 3449 et
776 3377 989 3470 frequentia,
1012 3390 1047 3446 et
1062 3376 1215 3446 efficacia
1234 3399 1289 3445 ar·
1313 3363 1317 3500 Ξ
1341 3377 1479 3447 alienae
1495 3403 1637 3450 caussae
1653 3382 1848 3467 tolluntur,
1873 3385 1955 3454 licet
1970 3387 2225 3475 argumentari.
2261 3388 2331 3457 Or·

301 3498 469 3582 gumenta
492 3487 682 3555 ducuntur.
726 3480 780 3551 'Et
799 3480 836 3550 iu
858 3480 1106 3571 amplificanda
1124 3480 1289 3549 oratione
1313 3525 1317 3567 ,
1342 3493 1398 3549 tus
1415 3482 1498 3551 solis
1513 3495 1564 3550 est
1578 3483 1648 3550 diei
1666 3508 1807 3567 caussa,
1832 3510 1906 3554 non
1924 3486 2031 3574 igitur
2046 3500 2144 3557 ortus
2162 3488 2280 3559 lunae.

301 3592 361 3661 vix
383 3589 448 3661 ulli
471 3588 552 3658 loco
576 3588 657 3679 plus
679 3583 867 3665 tribuitur,
903 3605 1010 3674 qnam
1035 3582 1290 3674 pugnantibus,

301 3693 474 3763 nimirum
505 3692 623 3783 quod,
662 3699 703 3757 ut
736 3686 842 3777 vulgo
877 3683 1028 3766 dicitur,
1061 3684 1184 3753 lumen
1209 3708 1288 3753 ora·

300 3795 414 3879 tioni,
444 3806 499 3877 et,
531 3805 573 3863 ut
595 3789 724 3862 Graeci
748 3788 891 3870 dicunt,
924 3785 1135 3877 enargeian,
1168 3786 1205 3855 id
1226 3799 1290 3869 est,
1444 3784 1621 3855 Similiuru
1639 3787 1815 3857 rationem
1833 3789 2013 3882 attigimus
2028 3793 2212 3884 superiore
2225 3796 2332 3882 libro,

300 3897 606 3992 perspicuitatem,
631 3916 693 3965 seu
708 3889 923 3961 evidentiam
940 3888 1160 3977 afferunt”).
1199 3888 1290 3983 Quis
1313 3907 1318 3992 λ
1342 3888 1403 3958 ubi
1423 3890 1467 3956 de
1488 3887 1659 3980 exemplis
1688 3904 1804 3961 actum
1828 3905 1891 3963 est.
1949 3893 1995 3964 Et
2019 3918 2061 3964 ex
2086 3896 2332 3971 similitudinis

301 4001 398 4071 enim
422 4021 498 4068 non
514 3996 643 4067 clarius
657 3992 830 4086 percipiat
847 3991 928 4061 belli
943 3992 1058 4073 mala,
1085 3991 1114 4061 si
1131 4015 1209 4059 cum
1225 4016 1289 4083 pa·
1314 3995 1318 4058 i
1342 3992 1421 4060 loco
1436 4003 1633 4062 nascuntur
1647 3992 1715 4062 loci
1731 3994 1840 4085 paris,
1863 3997 2023 4080 maioris,
2047 4023 2088 4066 ac
2105 4001 2267 4085 minoris,
2289 4013 2350 4071 ut»

302 4104 350 4175 cis
367 4101 566 4172 commodis
582 4094 837 4168 conserantur?
1313 4071 1319 4198 l
1341 4092 1586 4185 Quintilianus
1605 4094 1751 4168 iudicat.

401 4204 556 4273 Formae
581 4198 816 4295 pugnantium
846 4208 1000 4291 quatuor
1030 4196 1136 4289 vulgo
1166 4209 1317 4268 nume-⁴
1444 4196 1658 4283 Amaiure,
1693 4198 1731 4267 Si
1754 4201 1953 4269 adulterum
1979 4202 2140 4271 occidere
2168 4205 2268 4289 licet,
2294 4218 2331 4275 et

301 4320 439 4377 rantur.
490 4304 761 4385 Relativorum,
787 4311 846 4383 ut,
873 4310 975 4391 pater
991 4310 1026 4369 et
1040 4298 1153 4381 lilius,
1176 4300 1290 4392 aqui·
1341 4299 1519 4367 latronem
1538 4300 1623 4370 loris
1640 4303 1787 4370 caedere
1800 4302 1930 4372 licebit.
1971 4301 2025 4371 Ex
2043 4303 2195 4390 minore,
2221 4306 2260 4376 Si
2275 4309 2329 4378 iu-

301 4411 369 4479 bus
383 4405 538 4478 trahitur
551 4417 802 4499 argumentum
821 4402 859 4471 iu
874 4399 971 4472 hunc
994 4404 1161 4471 modum:
1196 4401 1290 4472 Con·
1342 4425 1417 4470 rem
1442 4414 1659 4472 nocturnum
1682 4404 1841 4471 occidere
1869 4404 1971 4486 licet,
2012 4405 2097 4498 quid
2126 4408 2330 4478 latronem?

302 4510 477 4583 staulinus
494 4507 695 4580 Constantii
710 4519 811 4598 pater
827 4519 891 4589 est,
917 4504 1010 4573 lilius
1028 4527 1113 4594 ergo
1129 4528 1290 4574 essenon
1336 4502 1395 4571 Ex
1420 4501 1555 4571 maiore
1577 4504 1739 4596 negative
1761 4503 1879 4575 minus
1892 4507 2093 4598 colligitur,
2120 4524 2178 4593 ut,
2205 4510 2330 4579 Cicero

304 4624 431 4706 potest.
471 4611 517 4682 Et
533 4636 689 4694 rursum,
711 4607 941 4679 Constantius
957 4605 1183 4692 Constantini
1198 4608 1291 4679 lilius
1343 4628 1417 4674 uon
1438 4606 1680 4698 persuasisset,
1705 4608 1819 4676 multo
1842 4608 1961 4679 minus
1984 4612 2198 4701 persuaserit
2214 4636 2331 4702 gram-

304 4728 376 4799 est,
401 4729 504 4807 pater
527 4738 610 4805 ergo
634 4737 708 4785 esse
731 4710 868 4804 nequit.
918 4708 1165 4779 Relativorum
1188 4722 1290 4780 natu·
1316 4713 1319 4738 '
1343 4706 1493 4777 maticus
1519 4707 1658 4801 aliquis.
1710 4707 1765 4777 Ex
1786 4710 1927 4780 minore
1950 4701 2128 4804 colligitur
2151 4715 2265 4785 maius
2281 4716 2332 4782 al·
2379 4721 2384 4729 '

304 4842 380 4888 ram
398 4832 505 4911 atque
520 4818 695 4886 rationem
709 4828 808 4909 petes
825 4837 843 4882 e
861 4811 1168 4904 praedicamentis.
1343 4810 1531 4892 firmative,
1556 4823 1609 4893 ut,
1635 4810 1701 4878 llic
1715 4814 1967 4901 grammaticus
1983 4816 2169 4905 persuasit,
2194 4829 2330 4911 quanto

357 4958 360 4964 ·
406 4918 699 5004 Contrariorum,
739 4941 832 5011 quae
872 4926 1070 5007 pugnantes
1103 4914 1292 5006 qualitates
1343 4912 1481 4982 facilius
1499 4912 1730 5004 persuasisset
1746 4913 1893 4985 Cicero?

304 5035 407 5107 sunt,
437 5034 494 5104 ut,
528 5020 706 5107 calidum,
736 5020 926 5113 frigidum,
960 5016 1101 5099 album,
1134 5017 1292 5109 nigrum.
1444 5012 1604 5105 Expari,
1630 5014 1733 5110 Quae
1749 5040 1864 5109 poena
1882 5020 2049 5089 adversus
2065 5018 2329 5089 interfectorem

304 5124 343 5193 ln
360 5125 488 5217 quibus
508 5136 604 5195 recte
620 5119 924 5217 argumentaberis
941 5114 1010 5189 hoc
1031 5120 1160 5190 modo:
1187 5120 1291 5213 Aqua
1343 5114 1455 5206 patris
1485 5115 1574 5187 iusta
1607 5133 1676 5201 est,
1712 5121 1836 5189 eadem
1868 5123 2035 5191 adversus
2066 5120 2328 5191 interfectorem

304 5228 418 5297 calida
437 5241 510 5312 est,
535 5227 664 5319 frigida
682 5226 790 5318 igitur
804 5249 878 5296 esse
893 5246 967 5292 non
984 5233 1112 5316 potest.
1345 5218 1469 5288 matris
1493 5218 1605 5287 rideri
1629 5219 1718 5292 insta
1742 5222 1858 5291 debet.

406 5330 678 5412 Privationum,
702 5351 793 5423 quae
809 5352 889 5397 cum
905 5325 1030 5397 formis
1043 5334 1205 5416 pugnant
1221 5320 1292 5421 (se-
1447 5320 1561 5410 Supra
1604 5324 1877 5407 admonuimus,
1921 5327 1964 5391 ad
2005 5324 2135 5396 similia
2170 5326 2329 5417 exempla

305 5457 397 5527 quor
427 5433 522 5503 enim
552 5446 586 5502 et
610 5428 667 5502 hic
691 5430 786 5521 vulgi
812 5429 969 5524 morem)
991 5440 1049 5508 ut,
1082 5426 1232 5498 caecitas
1257 5437 1292 5495 et
1343 5423 1548 5492 referendas
1580 5449 1654 5497 esse
1689 5426 1900 5516 parabolas,
1940 5428 2092 5499 morales
2125 5427 2332 5511 sententias,

304 5592 509 5607 „m
1344 5519 1667 5618 apophthegmata,
1701 5525 1768 5597 hoc
1789 5542 1862 5612 est,
1890 5528 1974 5599 scite
1997 5530 2112 5613 dicta,
2146 5530 2332 5621 apologos,

1344 5627 1503 5710 labulas,
1535 5642 1570 5698 et
1592 5629 1766 5725 quidquid
1788 5627 1844 5702 his
1865 5644 2054 5722 cognatum
2076 5644 2148 5715 est,
2174 5654 2330 5726 quorum

702 992 884 1064 Eventa.
944 1000 947 1005 ’
1009 992 1012 998 ’

660 3233 931 3333 Pugnantia.

1752 3652 1920 3725 Simile.

337 5684 388 5753 98)
406 5684 583 5748 οηοωοκωίω,]
602 5683 651 5735 tto.
663 5683 688 5735 ί.
707 5685 768 5746 typ.
785 5691 898 5732 errore:
921 5679 1082 5736 sttoteutes,
1404 5728 1412 5746 ·
1862 5732 1872 5749 .
2205 5733 2215 5750 ο
2304 5732 2315 5751 .

337 5770 387 5838 „q
405 5775 505 5826 mg
524 5780 629 5837 mg,
652 5766 802 5821 commu
818 5765 975 5817 ansermi,
1345 5741 1521 5801 rationem
1540 5728 1700 5802 rhetores
1718 5734 1974 5823 praescribunt.
2026 5732 2073 5803 Et
2087 5736 2132 5803 de
2146 5734 2233 5805 locas
2252 5758 2333 5828 qur·
