5534 6700
299 452 355 533 Q,

248 618 322 690 701
498 607 559 684 Vl.
596 609 665 682 ΒΕ
689 608 890 684 musmo
913 609 980 681 ET
1003 607 1241 681 LUTHERO
1265 608 1496 701 ELOGION,
1526 611 1679 693 harto
1705 614 1945 707 Dtscuttnl,
1971 639 2056 695 nc.
2216 627 2293 703 702

454 815 585 900 Ratio
616 815 808 908 discendi
839 830 923 926 per·
942 815 1182 926 Philippum
1210 815 1532 904 Melanthonem
1557 817 1897 934 Wittenbergac
1926 820 2091 910 tradita

354 1011 585 1084 Institueram
610 1013 778 1107 equidem
796 1018 840 1085 de
855 1015 998 1085 ratione
1014 1015 1173 1086 discendi
1188 1039 1247 1085 co-
1298 1016 1397 1086 tione
1424 1021 1580 1110 quadam
1603 1019 1693 1088 recti
1717 1042 1904 1103 accensus,
1937 1033 2136 1105 coerceret,
2168 1038 2293 1116 qnate-

251 1121 353 1214 piose
378 1111 555 1207 praefari,
580 1115 643 1186 sed
666 1116 705 1184 in
727 1129 801 1186 tam
827 1118 937 1190 variis
951 1118 1246 1210 occupationibus
1297 1142 1365 1189 nus
1388 1120 1465 1188 ficri
1490 1133 1628 1213 posset,
1662 1121 1841 1191 ferventes
1871 1121 2095 1213 cupiditates.
2154 1122 2292 1196 Parum

252 1246 330 1292 non
353 1218 454 1288 licuit
477 1219 681 1304 absolvere,
717 1221 816 1313 quod
842 1221 1074 1293 destinaram.
1141 1220 1247 1293 Nunc
1297 1216 1448 1290 humani
1469 1225 1711 1316 putabantur,
1746 1225 1809 1317 qui
1831 1219 1924 1292 nihil
1948 1225 2194 1315 degustassent
2212 1228 2293 1297 lite-

252 1322 410 1394 breviter
432 1321 647 1391 sententiam
667 1347 786 1393 meam
806 1325 850 1393 de
875 1324 1042 1394 studiis
1068 1324 1170 1394 vobis
1188 1347 1246 1392 ex·
1297 1346 1433 1394 rarum.
1493 1326 1588 1397 Nam
1621 1326 1705 1394 inde
1734 1350 1802 1396 usu
1827 1325 1947 1410 venit,
1981 1338 2023 1395 ut
2041 1327 2203 1396 Romani
2223 1354 2292 1421 pro

253 1449 411 1519 ponam,
443 1424 544 1492 nullo
576 1424 720 1519 quidem
748 1421 931 1497 rhetorico
957 1428 1152 1518 adparatu,
1185 1426 1247 1496 sed
1297 1421 1465 1511 παιδεία,
1497 1422 1662 1510 horest,
1694 1427 1916 1512 eruditione,
1948 1424 2213 1500 humanitatem
2239 1431 2293 1500 di-

256 1528 392 1619 optima
408 1525 489 1596 lide.
522 1525 631 1618 Quod
646 1528 677 1599 si
692 1528 786 1599 ratio
801 1528 903 1600 vobis
915 1529 972 1597 vel
985 1528 1081 1598 vitae
1095 1541 1247 1611 vestrae,
1298 1542 1437 1597 serent:
1471 1529 1579 1600 laudo
1592 1528 1625 1624 ⁴)
1647 1541 1810 1599 veterum
1836 1529 2037 1601 consilium.
2098 1531 2193 1602 Nam
2216 1533 2291 1603 fere

254 1630 313 1698 vel
337 1627 540 1699 studiorum
565 1643 765 1716 constaret,
790 1626 881 1700 nihil
901 1627 969 1700 hac
982 1630 1147 1701 oratione
1165 1654 1245 1700 mea
1297 1629 1348 1698 ita
1363 1631 1424 1714 fit,
1449 1644 1490 1702 ut
1508 1657 1580 1726 quo
1598 1631 1750 1726 quisque
1767 1632 1942 1702 eruditior
1959 1644 2030 1716 est,
2057 1656 2099 1702 eo
2114 1634 2161 1704 sit
2175 1645 2210 1704 et
2226 1629 2294 1705 hu·

257 1756 348 1824 opus
371 1743 472 1801 esset.
522 1730 628 1802 Nunc
644 1758 724 1803 cum
740 1733 903 1826 plerique
918 1733 965 1802 ad
980 1733 1193 1804 Academias
1208 1757 1246 1804 sc
1298 1732 1462 1816 manior,
1489 1747 1523 1803 et
1540 1733 1776 1804 tractabilior.
1829 1734 1954 1817 Scitis,
1984 1736 2108 1827 quales
2123 1737 2294 1806 finxerint

258 1834 467 1916 conferant,
492 1833 630 1904 nullam
648 1836 756 1905 aliam
772 1836 818 1906 ob
837 1858 1016 1920 caussam,
1040 1835 1111 1906 nisi
1127 1849 1169 1907 ut
1184 1859 1247 1905 an·
1299 1836 1483 1930 quondam
1509 1835 1631 1907 Musas
1660 1849 1808 1928 poetae,
1845 1837 1970 1927 plenas
1996 1832 2234 1908 humanitatis
2257 1849 2294 1906 et

256 1960 345 2020 nos,
378 1959 455 2004 reni
478 1935 713 2023 familiarem,
745 1939 906 2008 animam
930 1938 1059 2009 misere
1080 1940 1247 2030 perdant,
1300 1937 1508 2028 elegantiae.
1559 1937 1760 2021 Nimirum,
1787 1941 1885 2032 quod
1908 1936 2083 2007 sentirent
2101 1935 2196 2007 hanc
2216 1940 2293 2007 vim

258 2039 321 2107 alii
346 2039 443 2106 bono
468 2040 617 2111 consilio
643 2036 714 2111 huc
738 2065 774 2112 se
797 2042 1003 2125 conferant,
1035 2043 1097 2112 sed
1118 2039 1247 2110 incerti
1298 2062 1373 2110 esse
1406 2038 1615 2123 literarum,
1652 2051 1695 2111 ut
1729 2042 1869 2110 animos
1894 2040 2070 2110 barbaros
2096 2040 2293 2112 mollirent.

256 2152 444 2230 vagentur,
469 2163 536 2210 nec
549 2139 726 2228 habeant,
751 2143 838 2238 qnid
855 2145 893 2212 in
908 2144 1077 2214 discendo
1093 2166 1247 2238 sequan-
1298 2139 1469 2212 Nondum
1494 2142 1538 2211 de
1560 2142 1693 2233 pietate
1712 2142 1813 2226 dico,
1839 2142 1901 2212 sed
1916 2143 1961 2211 de
1976 2138 2203 2212 ethnicorum
2219 2154 2294 2212 stu·

256 2254 338 2324 tor,
363 2240 477 2311 visum
496 2255 568 2328 est,
591 2240 761 2315 nonnihil
782 2249 825 2316 de
848 2247 988 2316 ratione
1009 2246 1169 2318 discendi
1189 2245 1247 2314 di·
1298 2242 1367 2314 diis
1388 2244 1531 2336 loquor.
1583 2241 1625 2312 ln
1638 2244 1768 2338 quibus
1781 2256 1903 2313 tamen
1919 2267 2028 2338 quam
2043 2245 2177 2315 multos
2192 2262 2314 2336 repe-¹

257 2366 349 2412 cere.
386 2342 438 2411 Ac
452 2344 611 2435 primum
631 2347 775 2442 quidem
792 2348 911 2418 valere
924 2348 1039 2418 sinam
1060 2372 1140 2433 eos,
1167 2346 1246 2442 qui·
1298 2344 1384 2428 rias,
1405 2341 1462 2415 his
1478 2345 1542 2439 qui
1556 2368 1654 2415 nune
1669 2346 1760 2417 falso
1776 2357 1961 2437 praetextu
1977 2346 2133 2438 pietatis,
2155 2346 2294 2416 omneis

254 2446 323 2514 bus
343 2442 470 2514 literae
494 2451 660 2533 sordent,
687 2451 816 2544 quibus
838 2449 924 2521 satis
940 2472 1069 2540 magna
1083 2449 1246 2531 stultitia,
1298 2447 1413 2518 bonas
1432 2446 1574 2532 literas,
1602 2471 1747 2517 omnem
1765 2444 2029 2518 humanitatem
2045 2459 2294 2532 contemnunt,

255 2568 376 2638 poena
399 2545 477 2639 ipsa
500 2561 553 2618 cst
583 2550 746 2623 stultitia.
806 2550 897 2622 Cum
925 2550 1128 2622 sanioribus
1156 2545 1248 2619 inihi
1300 2548 1413 2639 magis
1438 2548 1506 2618 feri
1532 2572 1642 2642 quarn
1668 2549 1734 2618 ulli
1758 2549 1854 2633 ursi,
1896 2550 2011 2641 magis
2043 2549 2149 2641 impii
2182 2572 2293 2643 quani

255 2671 315 2718 res
338 2660 408 2732 est,
441 2650 571 2742 quibus
594 2654 700 2723 video
726 2666 894 2746 oportere
915 2653 1113 2746 praescribi
1137 2651 1247 2722 ratio·
1298 2649 1364 2720 ulli
1380 2672 1542 2744 unquam
1561 2650 1745 2746 Turcae')
1767 2649 1947 2742 Epicurei.
2001 2650 2099 2743 Quid
2117 2650 2295 2721 senserint

255 2773 340 2819 nem
356 2751 539 2843 quandam
555 2767 702 2841 certam,
728 2780 837 2851 quam
853 2757 892 2825 in
909 2756 1078 2827 discendo
1095 2778 1248 2849 sequan-
1300 2753 1485 2846 quondam
1505 2750 1578 2836 illi,
1604 2752 1770 2832 audistis3
1798 2776 1895 2823 nunc
1919 2775 2011 2845 quae
2031 2775 2176 2823 caussae
2200 2747 2295 2820 chri-

256 2865 328 2923 tur.
380 2851 474 2923 Nam
495 2867 537 2924 ut
557 2855 597 2925 in
612 2858 729 2929 stadio
746 2860 809 2953 qui
825 2882 931 2929 cursu
948 2870 1106 2942 certant,
1130 2857 1247 2949 spatia
1299 2854 1453 2925 stianam
1483 2854 1704 2945 iuventutem
1733 2877 1881 2924 movere
1912 2853 2044 2922 merito
2067 2854 2222 2922 debeant
2247 2852 2296 2921 ad

255 2955 360 3024 lineis
374 2955 562 3040 definiunt,
587 2983 633 3028 ne
647 2984 717 3053 qua
733 2974 929 3052 evagentur
941 2957 1246 3052 imprudenter¹):
1300 2957 1537 3048 degustandas
1559 2956 1692 3028 literas.

256 3057 308 3125 ita
333 3056 495 3128 omnium
517 3059 556 3127 in
578 3062 678 3130 omni
700 3085 829 3153 genere
852 3063 967 3147 vitae,
992 3075 1069 3132 tuin
1091 3061 1248 3132 maxime

256 3159 297 3226 in
313 3159 440 3230 studii,
452 3160 659 3246 literarum,
684 3166 943 3254 praestandum
955 3187 1094 3248 censeo,
1119 3176 1161 3234 ut
1173 3187 1247 3234 cer,
1402 3124 1486 3196 Non
1509 3125 1660 3195 dubium
1684 3137 1756 3209 est,
1784 3123 1874 3218 quin
1888 3146 2011 3194 sacrae
2026 3122 2153 3193 literae
2168 3122 2208 3191 in
2224 3118 2297 3192 hoc

1300 3227 1372 3300 sint
1393 3226 1559 3319 proditae
1576 3226 1769 3310 divinitus,
1793 3238 1835 3295 ut
1854 3249 1979 3295 earum
1993 3223 2213 3296 adminiculo
2228 3222 2297 3292 im·

256 3273 335 3330 tum
359 3261 560 3332 studiorum
583 3266 691 3334 finem
714 3267 819 3337 nobis
834 3278 1053 3352 statuamus,
1078 3268 1124 3336 ad
1140 3290 1246 3361 quem
1300 3330 1502 3402 mortalitas
1529 3330 1636 3402 nobis
1665 3339 1855 3422 paramur
1870 3326 1915 3424 ο)
1965 3327 2208 3421 Quapropter
2232 3324 2297 3420 qni

256 3362 404 3482 intefim
428 3387 551 3486 mulie?
573 3367 686 3437 animi
700 3367 953 3462 cogitatione&
980 3370 1102 3488 omn-ia
1117 3393 1248 3461 genera
1300 3430 1431 3504 hasne
1454 3432 1480 3501 li
1529 3446 1571 3502 nt
1611 3432 1728 3502 videri
1775 3443 1899 3502 ossunt
1923 3429 2032 3499 etiam
2054 3430 2094 3496 in
2113 3451 2151 3498 se
2169 3428 2296 3497 crude-

257 3469 460 3539 studiorum
476 3469 691 3561 dirigantur,
712 3484 748 3542 et
760 3472 958 3566 prudenter
972 3472 1248 3557 consideremus,
1300 3538 1352 3605 les
1376 3456 1468 3618 mg,
1481 3457 1549 3604 εἴη
1572 3486 1636 3628 :Im
1660 3455 1795 3602 nemen
1818 3531 1888 3600 im
1912 3530 1959 3598 ad
1984 3529 2296 3599 immortalitatem

257 3569 348 3667 quid
371 3571 452 3641 viae
470 3572 730 3672 deligamus⁸),
761 3598 808 3645 ne
824 3574 1022 3648 iaculemur
1046 3570 1104 3667 (ut
1119 3572 1249 3645 Graeci
1304 3639 1313 3655 ,
1431 3637 1439 3653 ,
1530 3636 1539 3653 ,
1951 3630 1960 3647 .

257 3674 400 3771 dicunt)
424 3673 500 3745 sine
524 3700 646 3771 scopo.
696 3681 756 3749 An
778 3702 854 3749 non
877 3677 1025 3763 videtis,
1052 3700 1161 3772 quani
1179 3677 1249 3749 sol·
1301 3640 1442 3728 mmm
1465 3636 1595 3707 ηοω·
1659 3634 1845 3727 Q⁰⁰⁸d³m
1870 3632 2006 3723 3¹⁰r¹³e
2030 3654 2155 3715 ‘'nm‘’
2188 3654 2296 3723 ‘lum'

256 3775 354 3846 licite
377 3791 526 3848 caveant
545 3780 809 3866 foeneratores,
842 3806 888 3850 ne
907 3806 1015 3875 quern
1034 3782 1250 3863 teruncium,
1302 3742 1387 3809 dam
1412 3762 1492 3830 ’με
1513 3760 1727 3828 magnarum
1752 3758 1863 3825 ⁰P¹¹¹¹¹
1883 3733 2052 3803 invium
2077 3734 2124 3802 ἃᾶ
2152 3731 2294 3802 blm&

262 3891 324 3949 aut
343 3878 374 3949 gi
396 3880 483 3976 quid
503 3878 573 3951 hoc
596 3884 787 3968 vffiusest,
814 3886 1037 3976 expendant,
1061 3885 1158 3953 unde
1174 3905 1250 3951 non
1302 3853 1440 3936 quanto
1455 3840 1574 3958 magis
1583 3863 1650 3910 nos
1664 3837 1827 3988 invitem,
1834 3849 1978 3955 aeterna
1998 3832 2177 3953 praemia!
2225 3831 2297 3903 Sed

260 3982 384 4051 redeat
399 3984 552 4056 foenus?
604 3985 680 4057 Nos
695 4000 751 4056 tot
766 3987 933 4059 coelestes
948 3989 1071 4069 dotes,
1096 3998 1250 4056 aetatem
1303 3946 1351 4014 ad
1373 3965 1493 4015 *πω
1513 3967 1594 4037 ‘1⁰¹⁸
1616 3942 1735 4012 ³d¹²¹¹⁸
1750 3951 1821 4009 ‘⁵t·
1875 3937 2048 4008 V¹d⁶m¹¹⁸
2062 3934 2128 4008 1¹³⁵
2146 3935 2297 4005 ¹⁰f‘h01·

262 4084 399 4181 alioqui
424 4088 709 4180 fugacissimam,
749 4089 800 4159 sic
826 4089 1100 4174 collocabimus,
1142 4100 1184 4159 ut
1205 4112 1250 4158 ne
1302 4060 1357 4117 ter
1370 4057 1540 4116 tractatas
1559 4045 1678 4115 seculo
1693 4039 1890 4135 superiore.
1942 4040 1990 4108 ht
2005 4062 2114 4133 quam
2133 4038 2180 4106 ob
2195 4060 2296 4107 caus-

261 4213 339 4261 2013
360 4188 507 4285 quidem
529 4195 575 4263 ad
596 4218 664 4264 ΠΟ,
685 4192 833 4263 redeat?
884 4192 1003 4285 Quid,
1036 4194 1136 4287 quod
1155 4190 1251 4262 male
1302 4147 1406 4269 sam?
1457 4146 1638 4219 Nimirum
1663 4144 1842 4216 inscitiam
1865 4143 2071 4224 literarum,
2097 4151 2134 4209 et
2154 4139 2296 4229 elegan-

261 4306 379 4385 gestae
402 4297 456 4364 rei
479 4296 574 4366 ratio
597 4295 758 4367 Domino
784 4296 966 4365 reddenda
993 4307 1065 4380 est,
1099 4294 1164 4389 qui
1186 4317 1252 4363 no-
1303 4251 1407 4321 Μ’
1437 4249 1662 4321 ‘mdffifflss‘
1730 4246 1836 4316 Nunc
1865 4269 1946 4315 ‘um
1969 4243 2203 4313 ‘⁰fl0f230um
2226 4240 2297 4309 ⁸¹⁶·
2334 4310 2342 4322 ,

260 4396 318 4465 bis
342 4391 438 4465 hunc
466 4399 647 4484 animum,
685 4399 742 4470 sui
765 4397 1001 4491 particulam,
1041 4397 1105 4492 qui
1126 4397 1252 4480 vitam,
1304 4352 1486 4446 gantiores
1512 4352 1658 4434 literae,
1694 4348 1827 4417 iterum
1854 4371 1892 4418 se
1922 4346 2117 4416 ostendunt
2139 4342 2297 4433 linguae,

263 4495 328 4591 ‘lui
344 4496 506 4589 ingenia,
531 4501 594 4596 qui
611 4501 744 4572 victum
761 4500 923 4584 credidit,
943 4501 1066 4571 literas
1084 4499 1253 4583 ostendit,
1303 4454 1672 4630 {demphimniff’
1708 4473 1778 4573 ⁰2⁸¹
1807 4461 1910 4571 8ῑᾶΞο
1941 4460 2107 4564 Ρθῦῒθῐθῖ
2137 4457 2176 4563 ,θῑ
2198 4441 2298 4537 q¹¹⁰d

1339 4581 1435 4627 raeci
1450 4558 1593 4641 dicunt,
1619 4573 1766 4651 αμφοιν
1780 4575 1910 4647 χερσιν
1933 4563 2052 4619 tantas
2071 4550 2216 4616 divitias
2238 4568 2298 4614 ex-

262 4601 1253 4799 {himin{ffigzffil,fficffiuzl'lqggffigfiregge
1305 4660 1491 4781 cipiamus.
1538 4657 1586 4728 Et
1609 4669 1719 4728 utne
1742 4653 1934 4745 ignoretis,
1962 4651 2128 4721 coelestes
2150 4649 2297 4717 demum

264 4803 320 4873 rei
337 4808 615 4897 Procuratores?
666 4809 831 4880 Primum
850 4808 972 4903 itaque
989 4809 1166 4879 defructu
1180 4819 1254 4877 stu·
1304 4766 1448 4882 huwe
1466 4785 1508 4830 π
1524 4761 1650 4878 mim
1666 4769 1760 4875 ‘'im‘'
1813 4754 1864 4824 Ut
1881 4756 2064 4847 q⁰⁰⁰d³¹¹¹
2081 4775 2162 4821 ‘¹¹¹¹'
2178 4747 2298 4919 hiim*

265 4906 410 4977 diorum
434 4908 570 4979 dicam
601 4912 697 4981 unde
720 4911 915 5003 intelligas,
942 4910 1029 5005 quid
1044 4935 1108 4981 cur
1124 4910 1254 4979 debeas
1306 4867 1438 4959 gelium
1465 4876 1555 4934 esset
1575 4886 1615 4930 in
1633 4881 1840 4931 universum
1861 4858 1986 4927 orbem
2008 4874 2196 4946 propagari
2222 4874 2299 4933 uin,

264 5009 432 5102 deligere.
472 5012 547 5105 Qui
567 5036 666 5083 sacra
691 5012 949 5106 ignoraverunt
961 5014 1167 5107 quondam,
1191 5034 1255 5080 ne-
1305 4967 1437 5086 linffiffi‘*
1451 4964 1618 5077 AP⁰⁸²⁰H
1639 4961 1766 5082 (1,οΜῑί
1787 4972 1882 5079 ΨΜ·
1934 4956 1986 5078 ‚¹¹³
2002 4979 2126 5074 ”⁰⁰⁰2
2146 4978 2227 5025 ‘⁰¹¹¹
2241 4974 2299 5096 ¹²:

265 5112 435 5184 cessaria,
460 5114 529 5186 ,ibi
550 5114 672 5185 liger„
698 5140 771 5189 esse
796 5118 992 5211 putabant,
1031 5128 1072 5187 ut
1092 5114 1198 5185 mdia
1220 5125 1256 5183 et
1305 5082 1466 5142 noscatur
1497 5066 1752 5159 Evangehum‚
1793 5063 1901 5134 simul
1932 5062 2015 5130 illae
2040 5067 2298 5129 restituuntur.

262 5216 340 5284 fera
354 5205 498 5307 ingenia
514 5213 724 5289 huiusmodi
739 5220 836 5291 culm
849 5214 1018 5289 nonnihil
1032 5240 1256 5288 mansuesce·
1307 5197 1463 5293 quarum
1474 5169 1703 5290 ‘adminiculo
1713 5165 1954 5338 ssvffngehum
1973 5164 2163 5333 ‘mmuh‘
2214 5156 2298 5250 Quo

262 5330 359 5389 reni,
422 5318 575 5391 floneffi
603 5320 778 5414 speciem,
817 5334 961 5391 tenerae
992 5333 1028 5391 et
1057 5320 1255 5390 imbecillae
1308 5299 1422 5367 magis
1435 5297 1568 5360 miror,
1584 5285 1695 5342 etiam
1711 5294 1750 5339 in
1791 5268 1937 5361 aeurbe
1956 5290 2030 5337 esse
2045 5288 2135 5359 quos
2162 5285 2220 5331 am
2234 5280 2300 5351 pa·

263 5420 397 5504 aetati,
431 5446 525 5517 quae
545 5422 623 5516 ipsa
638 5448 704 5517 per
717 5448 792 5495 me
806 5448 883 5494 non
898 5423 1012 5517 sapit,
1038 5433 1258 5515 putaverunt
1308 5403 1390 5450 rum
1408 5401 1542 5472 aequos
1556 5371 1798 5464 Theologiae,
1819 5370 1917 5465 quod
1930 5370 2047 5441 studia
2063 5363 2300 5438 humanitatis

263 5521 306 5591 in
325 5522 439 5594 literis
453 5521 691 5597 exhibendam
707 5551 801 5611 esse,
831 5528 927 5597 unde
944 5526 1086 5598 animus
1099 5526 1258 5596 admira·

1343 5652 1376 5720 4)
1394 5647 1490 5716 hudo]
1507 5648 1549 5701 alc
1564 5645 1680 5711 scriptis
1697 5646 1749 5697 tta.
1765 5643 1858 5697 itm
1880 5642 1963 5693 landa

299 5743 334 5807 ²)
350 5744 403 5796 lits
420 5744 450 5796 ln
466 5755 556 5810 marg.
571 5739 714 5808 adscripta
730 5744 776 5794 est
792 5744 906 5797 annot:
932 5741 1122 5806 conparatio.
1342 5737 1375 5805 b)
1394 5733 1587 5812 aureaeJNttd.
1601 5732 1695 5786 tm:
1722 5730 1846 5781 ancias
2064 5799 2067 5805 Ι

237 5879 242 5883 ,
300 5827 335 5889 ⁸)
352 5830 405 5883 uls
422 5830 451 5883 lii
468 5842 558 5896 marg.
576 5829 720 5894 atacrtpts
735 5830 778 5881 est
794 5831 906 5882 annot:
930 5828 1088 5892 amputo.
1344 5821 1377 5890 ο)
1395 5822 1544 5877 montio
1561 5831 1670 5886 noras
1694 5816 1819 5870 studiosa
1836 5812 1981 5867 maron
1996 5820 2148 5867 maron.
