<?xml version="1.0" encoding="UTF-8"?>
<!DOCTYPE html PUBLIC "-//W3C//DTD XHTML 1.0 Transitional//EN"
    "http://www.w3.org/TR/xhtml1/DTD/xhtml1-transitional.dtd">
<html xmlns="http://www.w3.org/1999/xhtml" xml:lang="en" lang="en">
 <head>
  <title>
</title>
<meta http-equiv="Content-Type" content="text/html;charset=utf-8" />
  <meta name='ocr-system' content='tesseract 3.04.00' />
  <meta name='ocr-capabilities' content='ocr_page ocr_carea ocr_par ocr_line ocrx_word'/>
</head>
<body>
  <div class='ocr_page' id='page_1' title='image "./philippimelanth22melagoog/philippimelanth22melagoog_0376.png"; bbox 0 0 5534 6700; ppageno 0'>
   <div class='ocr_carea' id='block_1_1' title="bbox 380 572 455 648">
    <p class='ocr_par' dir='ltr' id='par_1_1' title="bbox 380 572 455 648">
     <span class='ocr_line' id='line_1_1' title="bbox 380 572 455 648; baseline 0.027 -2"><span class='ocrx_word' id='word_1_1' title='bbox 380 572 455 648; x_wconf 74' lang='lat'><strong>7³5</strong></span> 
     </span>
    </p>
   </div>
   <div class='ocr_carea' id='block_1_2' title="bbox 338 738 1367 1241">
    <p class='ocr_par' dir='ltr' id='par_1_2' title="bbox 338 738 1367 1241">
     <span class='ocr_line' id='line_1_2' title="bbox 378 738 1366 832; baseline -0.011 -14"><span class='ocrx_word' id='word_1_2' title='bbox 378 749 448 818; x_wconf 91' lang='lat' dir='ltr'><strong>lius</strong></span> <span class='ocrx_word' id='word_1_3' title='bbox 464 743 772 822; x_wconf 76' lang='lat' dir='ltr'>administrantur,</span> <span class='ocrx_word' id='word_1_4' title='bbox 789 763 879 831; x_wconf 90' lang='lat' dir='ltr'><strong>quae</strong></span> <span class='ocrx_word' id='word_1_5' title='bbox 895 738 1043 810; x_wconf 90' lang='lat' dir='ltr'><strong>consilio</strong></span> <span class='ocrx_word' id='word_1_6' title='bbox 1060 751 1243 830; x_wconf 87' lang='lat' dir='ltr'><strong>geruntur,</strong></span> <span class='ocrx_word' id='word_1_7' title='bbox 1257 762 1366 832; x_wconf 90' lang='lat' dir='ltr'><strong>qnam</strong></span> 
     </span>
     <span class='ocr_line' id='line_1_3' title="bbox 381 840 1365 944; baseline -0.011 -25"><span class='ocrx_word' id='word_1_8' title='bbox 381 873 474 944; x_wconf 93' lang='lat' dir='ltr'><strong>quae</strong></span> <span class='ocrx_word' id='word_1_9' title='bbox 488 848 563 919; x_wconf 92' lang='lat' dir='ltr'><strong>sine</strong></span> <span class='ocrx_word' id='word_1_10' title='bbox 579 843 726 914; x_wconf 91' lang='lat' dir='ltr'><strong>consilio</strong></span> <span class='ocrx_word' id='word_1_11' title='bbox 743 841 1051 911; x_wconf 76' lang='lat' dir='ltr'><strong>administrantur.</strong></span> <span class='ocrx_word' id='word_1_12' title='bbox 1095 841 1197 909; x_wconf 88' lang='lat' dir='ltr'><strong>Hanc</strong></span> <span class='ocrx_word' id='word_1_13' title='bbox 1210 840 1365 930; x_wconf 89' lang='lat' dir='ltr'><strong>primam</strong></span> 
     </span>
     <span class='ocr_line' id='line_1_4' title="bbox 379 944 1367 1043; baseline -0.011 -22"><span class='ocrx_word' id='word_1_14' title='bbox 379 964 518 1043; x_wconf 88' lang='lat' dir='ltr'><strong>partem</strong></span> <span class='ocrx_word' id='word_1_15' title='bbox 544 957 756 1026; x_wconf 78' lang='lat' dir='ltr'><strong>numerant,</strong></span> <span class='ocrx_word' id='word_1_16' title='bbox 792 967 870 1011; x_wconf 87' lang='lat' dir='ltr'><strong>eam</strong></span> <span class='ocrx_word' id='word_1_17' title='bbox 897 944 1062 1035; x_wconf 82' lang='lat' dir='ltr'><strong>deinceps</strong></span> <span class='ocrx_word' id='word_1_18' title='bbox 1083 944 1283 1012; x_wconf 90' lang='lat' dir='ltr'><strong>rationibus</strong></span> <span class='ocrx_word' id='word_1_19' title='bbox 1305 966 1367 1010; x_wconf 88' lang='lat' dir='ltr'><strong>va-</strong></span> 
     </span>
     <span class='ocr_line' id='line_1_5' title="bbox 338 1044 1366 1140; baseline -0.005 -20"><span class='ocrx_word' id='word_1_20' title='bbox 338 1062 340 1065; x_wconf 80' lang='grc'><strong>’</strong></span> <span class='ocrx_word' id='word_1_21' title='bbox 378 1052 461 1133; x_wconf 86' lang='lat' dir='ltr'><strong>riis,</strong></span> <span class='ocrx_word' id='word_1_22' title='bbox 488 1063 523 1118; x_wconf 91' lang='lat' dir='ltr'><strong>et</strong></span> <span class='ocrx_word' id='word_1_23' title='bbox 538 1073 645 1140; x_wconf 90' lang='lat' dir='ltr'><strong>quam</strong></span> <span class='ocrx_word' id='word_1_24' title='bbox 669 1045 922 1135; x_wconf 72' lang='lat' dir='ltr'><strong>copiosissimis</strong></span> <span class='ocrx_word' id='word_1_25' title='bbox 946 1045 1063 1119; x_wconf 81' lang='lat' dir='ltr'><strong>,verbis</strong></span> <span class='ocrx_word' id='word_1_26' title='bbox 1083 1044 1279 1136; x_wconf 89' lang='lat' dir='ltr'><strong>approbari</strong></span> <span class='ocrx_word' id='word_1_27' title='bbox 1301 1069 1366 1136; x_wconf 89' lang='lat' dir='ltr'><strong>pu·</strong></span> 
     </span>
     <span class='ocr_line' id='line_1_6' title="bbox 379 1119 1367 1241; baseline -0.008 -19"><span class='ocrx_word' id='word_1_28' title='bbox 379 1165 458 1223; x_wconf 89' lang='lat' dir='ltr'><strong>tant</strong></span> <span class='ocrx_word' id='word_1_29' title='bbox 475 1162 663 1241; x_wconf 85' lang='lat' dir='ltr'><strong>oportere,</strong></span> <span class='ocrx_word' id='word_1_30' title='bbox 687 1143 757 1216; x_wconf 91' lang='lat' dir='ltr'><strong>hoc</strong></span> <span class='ocrx_word' id='word_1_31' title='bbox 775 1150 901 1216; x_wconf 91' lang='lat' dir='ltr'><strong>modo:</strong></span> <span class='ocrx_word' id='word_1_32' title='bbox 933 1119 1073 1216; x_wconf 74' lang='lat' dir='ltr'><strong>liumus</strong></span> <span class='ocrx_word' id='word_1_33' title='bbox 1099 1170 1161 1230; x_wconf 90' lang='lat' dir='ltr'><strong>ea,</strong></span> <span class='ocrx_word' id='word_1_34' title='bbox 1194 1171 1286 1240; x_wconf 92' lang='lat' dir='ltr'><strong>quae</strong></span> <span class='ocrx_word' id='word_1_35' title='bbox 1308 1170 1367 1215; x_wconf 89' lang='lat' dir='ltr'><strong>ra·</strong></span> 
     </span>
    </p>
   </div>
   <div class='ocr_carea' id='block_1_3' title="bbox 294 1249 1386 5439">
    <p class='ocr_par' dir='ltr' id='par_1_3' title="bbox 294 1249 1386 5439">
     <span class='ocr_line' id='line_1_7' title="bbox 379 1249 1368 1341; baseline -0.009 -16"><span class='ocrx_word' id='word_1_36' title='bbox 379 1257 477 1325; x_wconf 92' lang='lat' dir='ltr'><strong>tione</strong></span> <span class='ocrx_word' id='word_1_37' title='bbox 497 1252 653 1341; x_wconf 89' lang='lat' dir='ltr'><strong>regitur,</strong></span> <span class='ocrx_word' id='word_1_38' title='bbox 680 1249 847 1319; x_wconf 89' lang='lat' dir='ltr'><strong>omnibus</strong></span> <span class='ocrx_word' id='word_1_39' title='bbox 869 1249 1077 1319; x_wconf 82' lang='lat' dir='ltr'><strong>instructior</strong></span> <span class='ocrx_word' id='word_1_40' title='bbox 1102 1261 1155 1319; x_wconf 89' lang='lat' dir='ltr'><strong>est</strong></span> <span class='ocrx_word' id='word_1_41' title='bbox 1174 1251 1299 1331; x_wconf 88' lang='lat' dir='ltr'><strong>rebus,</strong></span> <span class='ocrx_word' id='word_1_42' title='bbox 1332 1261 1368 1317; x_wconf 91' lang='lat' dir='ltr'><strong>et</strong></span> 
     </span>
     <span class='ocr_line' id='line_1_8' title="bbox 379 1352 1365 1448; baseline -0.011 -20"><span class='ocrx_word' id='word_1_43' title='bbox 379 1354 605 1448; x_wconf 74' lang='lat' dir='ltr'><strong>apparatior,</strong></span> <span class='ocrx_word' id='word_1_44' title='bbox 633 1375 740 1445; x_wconf 89' lang='lat' dir='ltr'><strong>quam</strong></span> <span class='ocrx_word' id='word_1_45' title='bbox 765 1376 825 1432; x_wconf 92' lang='lat' dir='ltr'><strong>ea,</strong></span> <span class='ocrx_word' id='word_1_46' title='bbox 852 1375 945 1443; x_wconf 90' lang='lat' dir='ltr'><strong>quae</strong></span> <span class='ocrx_word' id='word_1_47' title='bbox 968 1363 1101 1420; x_wconf 89' lang='lat' dir='ltr'><strong>temere</strong></span> <span class='ocrx_word' id='word_1_48' title='bbox 1118 1364 1152 1419; x_wconf 89' lang='lat' dir='ltr'><strong>et</strong></span> <span class='ocrx_word' id='word_1_49' title='bbox 1166 1352 1266 1420; x_wconf 89' lang='lat' dir='ltr'><strong>nullo</strong></span> <span class='ocrx_word' id='word_1_50' title='bbox 1282 1373 1365 1419; x_wconf 92' lang='lat' dir='ltr'><strong>con-</strong></span> 
     </span>
     <span class='ocr_line' id='line_1_9' title="bbox 378 1451 1367 1545; baseline -0.006 -17"><span class='ocrx_word' id='word_1_51' title='bbox 378 1459 459 1529; x_wconf 91' lang='lat' dir='ltr'><strong>silio</strong></span> <span class='ocrx_word' id='word_1_52' title='bbox 476 1454 760 1525; x_wconf 88' lang='lat' dir='ltr'><strong>administratur.</strong></span> <span class='ocrx_word' id='word_1_53' title='bbox 795 1451 978 1523; x_wconf 81' lang='lat' dir='ltr'><strong>Exercitus</strong></span> <span class='ocrx_word' id='word_1_54' title='bbox 994 1454 1044 1536; x_wconf 93' lang='lat' dir='ltr'><strong>is,</strong></span> <span class='ocrx_word' id='word_1_55' title='bbox 1071 1453 1127 1522; x_wconf 91' lang='lat' dir='ltr'><strong>cui</strong></span> <span class='ocrx_word' id='word_1_56' title='bbox 1142 1453 1367 1545; x_wconf 90' lang='lat' dir='ltr'><strong>praepositus</strong></span> 
     </span>
     <span class='ocr_line' id='line_1_10' title="bbox 378 1555 1367 1650; baseline -0.008 -20"><span class='ocrx_word' id='word_1_57' title='bbox 378 1573 431 1631; x_wconf 90' lang='lat' dir='ltr'><strong>est</strong></span> <span class='ocrx_word' id='word_1_58' title='bbox 445 1558 587 1650; x_wconf 89' lang='lat' dir='ltr'><strong>sapiens</strong></span> <span class='ocrx_word' id='word_1_59' title='bbox 604 1570 639 1626; x_wconf 91' lang='lat' dir='ltr'><strong>et</strong></span> <span class='ocrx_word' id='word_1_60' title='bbox 656 1556 803 1625; x_wconf 89' lang='lat' dir='ltr'><strong>callidus</strong></span> <span class='ocrx_word' id='word_1_61' title='bbox 820 1556 1039 1646; x_wconf 90' lang='lat' dir='ltr'><strong>imperator,</strong></span> <span class='ocrx_word' id='word_1_62' title='bbox 1066 1555 1232 1625; x_wconf 89' lang='lat' dir='ltr'><strong>omnihus</strong></span> <span class='ocrx_word' id='word_1_63' title='bbox 1255 1555 1367 1646; x_wconf 89' lang='lat' dir='ltr'><strong>parti-</strong></span> 
     </span>
     <span class='ocr_line' id='line_1_11' title="bbox 377 1657 1368 1750; baseline -0.008 -18"><span class='ocrx_word' id='word_1_64' title='bbox 377 1665 444 1732; x_wconf 90' lang='lat' dir='ltr'><strong>bus</strong></span> <span class='ocrx_word' id='word_1_65' title='bbox 460 1659 684 1730; x_wconf 85' lang='lat' dir='ltr'><strong>commodius</strong></span> <span class='ocrx_word' id='word_1_66' title='bbox 697 1657 854 1747; x_wconf 90' lang='lat' dir='ltr'><strong>regitur,</strong></span> <span class='ocrx_word' id='word_1_67' title='bbox 880 1681 989 1749; x_wconf 90' lang='lat' dir='ltr'><strong>quam</strong></span> <span class='ocrx_word' id='word_1_68' title='bbox 1006 1658 1056 1738; x_wconf 92' lang='lat' dir='ltr'><strong>is,</strong></span> <span class='ocrx_word' id='word_1_69' title='bbox 1082 1657 1145 1750; x_wconf 93' lang='lat' dir='ltr'><strong>qui</strong></span> <span class='ocrx_word' id='word_1_70' title='bbox 1160 1657 1309 1727; x_wconf 89' lang='lat' dir='ltr'><strong>stultitia</strong></span> <span class='ocrx_word' id='word_1_71' title='bbox 1331 1669 1368 1725; x_wconf 89' lang='lat' dir='ltr'><strong>et</strong></span> 
     </span>
     <span class='ocr_line' id='line_1_12' title="bbox 378 1758 1368 1835; baseline -0.01 0"><span class='ocrx_word' id='word_1_72' title='bbox 378 1763 579 1835; x_wconf 87' lang='lat' dir='ltr'><strong>temeritate</strong></span> <span class='ocrx_word' id='word_1_73' title='bbox 599 1761 747 1831; x_wconf 90' lang='lat' dir='ltr'><strong>alicuius</strong></span> <span class='ocrx_word' id='word_1_74' title='bbox 771 1758 1054 1828; x_wconf 88' lang='lat' dir='ltr'><strong>administratur.</strong></span> <span class='ocrx_word' id='word_1_75' title='bbox 1112 1758 1247 1828; x_wconf 91' lang='lat' dir='ltr'><strong>Eadem</strong></span> <span class='ocrx_word' id='word_1_76' title='bbox 1266 1758 1368 1826; x_wconf 89' lang='lat' dir='ltr'><strong>navi-</strong></span> 
     </span>
     <span class='ocr_line' id='line_1_13' title="bbox 378 1860 1367 1959; baseline -0.007 -23"><span class='ocrx_word' id='word_1_77' title='bbox 378 1866 534 1959; x_wconf 92' lang='lat' dir='ltr'><strong>giiratio</strong></span> <span class='ocrx_word' id='word_1_78' title='bbox 554 1875 617 1933; x_wconf 92' lang='lat' dir='ltr'><strong>est.</strong></span> <span class='ocrx_word' id='word_1_79' title='bbox 666 1862 758 1932; x_wconf 89' lang='lat' dir='ltr'><strong>Nam</strong></span> <span class='ocrx_word' id='word_1_80' title='bbox 778 1861 880 1931; x_wconf 86' lang='lat' dir='ltr'><strong>navis</strong></span> <span class='ocrx_word' id='word_1_81' title='bbox 904 1862 1038 1953; x_wconf 91' lang='lat' dir='ltr'><strong>optime</strong></span> <span class='ocrx_word' id='word_1_82' title='bbox 1059 1884 1201 1930; x_wconf 90' lang='lat' dir='ltr'><strong>cursum</strong></span> <span class='ocrx_word' id='word_1_83' title='bbox 1224 1860 1367 1930; x_wconf 88' lang='lat' dir='ltr'><strong>conticit</strong></span> 
     </span>
     <span class='ocr_line' id='line_1_14' title="bbox 363 1961 1367 2061; baseline -0.011 -20"><span class='ocrx_word' id='word_1_84' title='bbox 363 1993 441 2053; x_wconf 75' lang='lat' dir='ltr'><strong>ea,</strong></span> <span class='ocrx_word' id='word_1_85' title='bbox 467 1990 559 2061; x_wconf 93' lang='lat' dir='ltr'><strong>quae</strong></span> <span class='ocrx_word' id='word_1_86' title='bbox 579 1963 813 2037; x_wconf 87' lang='lat' dir='ltr'><strong>scientissimo</strong></span> <span class='ocrx_word' id='word_1_87' title='bbox 837 1964 1078 2052; x_wconf 77' lang='lat' dir='ltr'><strong>gubernatore</strong></span> <span class='ocrx_word' id='word_1_88' title='bbox 1100 1963 1224 2032; x_wconf 91' lang='lat' dir='ltr'><strong>utitur.</strong></span> <span class='ocrx_word' id='word_1_89' title='bbox 1276 1961 1367 2032; x_wconf 90' lang='lat' dir='ltr'><strong>Cum</strong></span> 
     </span>
     <span class='ocr_line' id='line_1_15' title="bbox 378 2062 1367 2164; baseline -0.007 -24"><span class='ocrx_word' id='word_1_90' title='bbox 378 2068 580 2164; x_wconf 85' lang='lat' dir='ltr'><strong>propositio</strong></span> <span class='ocrx_word' id='word_1_91' title='bbox 602 2066 649 2136; x_wconf 93' lang='lat' dir='ltr'><strong>sit</strong></span> <span class='ocrx_word' id='word_1_92' title='bbox 671 2062 741 2135; x_wconf 90' lang='lat' dir='ltr'><strong>hoc</strong></span> <span class='ocrx_word' id='word_1_93' title='bbox 763 2076 869 2155; x_wconf 88' lang='lat' dir='ltr'><strong>pacto</strong></span> <span class='ocrx_word' id='word_1_94' title='bbox 892 2066 1091 2156; x_wconf 90' lang='lat' dir='ltr'><strong>approbata</strong></span> <span class='ocrx_word' id='word_1_95' title='bbox 1100 2064 1170 2154; x_wconf 78' lang='lat'><strong>⁸⁸),</strong></span> <span class='ocrx_word' id='word_1_96' title='bbox 1214 2077 1250 2134; x_wconf 89' lang='lat' dir='ltr'><strong>et</strong></span> <span class='ocrx_word' id='word_1_97' title='bbox 1274 2067 1367 2134; x_wconf 84' lang='lat' dir='ltr'><strong>duae</strong></span> 
     </span>
     <span class='ocr_line' id='line_1_16' title="bbox 379 2167 1367 2265; baseline -0.007 -23"><span class='ocrx_word' id='word_1_98' title='bbox 379 2185 499 2265; x_wconf 88' lang='lat' dir='ltr'><strong>partes</strong></span> <span class='ocrx_word' id='word_1_99' title='bbox 513 2168 721 2240; x_wconf 84' lang='lat' dir='ltr'><strong>transierint</strong></span> <span class='ocrx_word' id='word_1_100' title='bbox 736 2167 1041 2250; x_wconf 82' lang='lat' dir='ltr'><strong>ratiocinationis,</strong></span> <span class='ocrx_word' id='word_1_101' title='bbox 1075 2168 1179 2235; x_wconf 89' lang='lat' dir='ltr'><strong>tertia</strong></span> <span class='ocrx_word' id='word_1_102' title='bbox 1203 2167 1243 2235; x_wconf 91' lang='lat' dir='ltr'><strong>in</strong></span> <span class='ocrx_word' id='word_1_103' title='bbox 1266 2178 1367 2258; x_wconf 89' lang='lat' dir='ltr'><strong>parte</strong></span> 
     </span>
     <span class='ocr_line' id='line_1_17' title="bbox 380 2268 1368 2365; baseline -0.006 -22"><span class='ocrx_word' id='word_1_104' title='bbox 380 2275 502 2357; x_wconf 89' lang='lat' dir='ltr'><strong>aiunt,</strong></span> <span class='ocrx_word' id='word_1_105' title='bbox 525 2274 622 2365; x_wconf 92' lang='lat' dir='ltr'><strong>quod</strong></span> <span class='ocrx_word' id='word_1_106' title='bbox 642 2271 828 2340; x_wconf 87' lang='lat' dir='ltr'><strong>ostendere</strong></span> <span class='ocrx_word' id='word_1_107' title='bbox 844 2269 951 2352; x_wconf 90' lang='lat' dir='ltr'><strong>velis,</strong></span> <span class='ocrx_word' id='word_1_108' title='bbox 983 2270 1020 2338; x_wconf 92' lang='lat' dir='ltr'><strong>id</strong></span> <span class='ocrx_word' id='word_1_109' title='bbox 1041 2293 1084 2336; x_wconf 83' lang='lat' dir='ltr'><strong>ex</strong></span> <span class='ocrx_word' id='word_1_110' title='bbox 1098 2268 1133 2337; x_wconf 83' lang='lat' dir='ltr'><strong>vi</strong></span> <span class='ocrx_word' id='word_1_111' title='bbox 1151 2269 1368 2359; x_wconf 90' lang='lat' dir='ltr'><strong>propositio·</strong></span> 
     </span>
     <span class='ocr_line' id='line_1_18' title="bbox 379 2367 1366 2467; baseline -0.008 -21"><span class='ocrx_word' id='word_1_112' title='bbox 379 2377 436 2446; x_wconf 94' lang='lat' dir='ltr'><strong>nis</strong></span> <span class='ocrx_word' id='word_1_113' title='bbox 458 2385 624 2467; x_wconf 87' lang='lat' dir='ltr'><strong>oportere</strong></span> <span class='ocrx_word' id='word_1_114' title='bbox 648 2395 847 2454; x_wconf 81' lang='lat' dir='ltr'><strong>assumere,</strong></span> <span class='ocrx_word' id='word_1_115' title='bbox 872 2367 942 2440; x_wconf 93' lang='lat' dir='ltr'><strong>hoc</strong></span> <span class='ocrx_word' id='word_1_116' title='bbox 960 2383 1084 2462; x_wconf 87' lang='lat' dir='ltr'><strong>pacto:</strong></span> <span class='ocrx_word' id='word_1_117' title='bbox 1123 2367 1223 2440; x_wconf 89' lang='lat' dir='ltr'><strong>Nihil</strong></span> <span class='ocrx_word' id='word_1_118' title='bbox 1246 2383 1366 2440; x_wconf 89' lang='lat' dir='ltr'><strong>autem</strong></span> 
     </span>
     <span class='ocr_line' id='line_1_19' title="bbox 381 2472 1367 2566; baseline -0.008 -18"><span class='ocrx_word' id='word_1_119' title='bbox 381 2477 544 2548; x_wconf 89' lang='lat' dir='ltr'><strong>omnium</strong></span> <span class='ocrx_word' id='word_1_120' title='bbox 559 2499 680 2545; x_wconf 87' lang='lat' dir='ltr'><strong>rerum</strong></span> <span class='ocrx_word' id='word_1_121' title='bbox 696 2473 842 2555; x_wconf 89' lang='lat' dir='ltr'><strong>melius,</strong></span> <span class='ocrx_word' id='word_1_122' title='bbox 866 2497 973 2566; x_wconf 88' lang='lat' dir='ltr'><strong>quam</strong></span> <span class='ocrx_word' id='word_1_123' title='bbox 999 2472 1116 2542; x_wconf 91' lang='lat' dir='ltr'><strong>omnis</strong></span> <span class='ocrx_word' id='word_1_124' title='bbox 1133 2475 1289 2543; x_wconf 90' lang='lat' dir='ltr'><strong>mundus</strong></span> <span class='ocrx_word' id='word_1_125' title='bbox 1305 2473 1367 2541; x_wconf 88' lang='lat' dir='ltr'><strong>ad·</strong></span> 
     </span>
     <span class='ocr_line' id='line_1_20' title="bbox 379 2575 1367 2669; baseline -0.007 -19"><span class='ocrx_word' id='word_1_126' title='bbox 379 2580 615 2650; x_wconf 89' lang='lat' dir='ltr'><strong>ministratur.</strong></span> <span class='ocrx_word' id='word_1_127' title='bbox 667 2576 782 2646; x_wconf 89' lang='lat' dir='ltr'><strong>Huius</strong></span> <span class='ocrx_word' id='word_1_128' title='bbox 798 2575 1051 2666; x_wconf 84' lang='lat' dir='ltr'><strong>assumptionis</strong></span> <span class='ocrx_word' id='word_1_129' title='bbox 1070 2587 1199 2669; x_wconf 91' lang='lat' dir='ltr'><strong>quarto</strong></span> <span class='ocrx_word' id='word_1_130' title='bbox 1218 2575 1257 2643; x_wconf 93' lang='lat' dir='ltr'><strong>in</strong></span> <span class='ocrx_word' id='word_1_131' title='bbox 1273 2576 1367 2658; x_wconf 92' lang='lat' dir='ltr'><strong>loco,</strong></span> 
     </span>
     <span class='ocr_line' id='line_1_21' title="bbox 379 2673 1367 2773; baseline -0.008 -21"><span class='ocrx_word' id='word_1_132' title='bbox 379 2682 486 2752; x_wconf 90' lang='lat' dir='ltr'><strong>aliam</strong></span> <span class='ocrx_word' id='word_1_133' title='bbox 520 2702 632 2771; x_wconf 87' lang='lat' dir='ltr'><strong>porro</strong></span> <span class='ocrx_word' id='word_1_134' title='bbox 667 2678 843 2746; x_wconf 91' lang='lat' dir='ltr'><strong>inducunt</strong></span> <span class='ocrx_word' id='word_1_135' title='bbox 875 2676 1171 2769; x_wconf 90' lang='lat' dir='ltr'><strong>approbationem</strong></span> <span class='ocrx_word' id='word_1_136' title='bbox 1187 2674 1257 2773; x_wconf 76' lang='lat'><strong>⁴&#39;),</strong></span> <span class='ocrx_word' id='word_1_137' title='bbox 1297 2673 1367 2745; x_wconf 93' lang='lat' dir='ltr'><strong>hoc</strong></span> 
     </span>
     <span class='ocr_line' id='line_1_22' title="bbox 378 2778 1367 2870; baseline -0.007 -16"><span class='ocrx_word' id='word_1_138' title='bbox 378 2786 506 2854; x_wconf 90' lang='lat' dir='ltr'><strong>modo:</strong></span> <span class='ocrx_word' id='word_1_139' title='bbox 539 2782 632 2853; x_wconf 89' lang='lat' dir='ltr'><strong>Nam</strong></span> <span class='ocrx_word' id='word_1_140' title='bbox 658 2793 694 2848; x_wconf 90' lang='lat' dir='ltr'><strong>et</strong></span> <span class='ocrx_word' id='word_1_141' title='bbox 714 2780 898 2870; x_wconf 75' lang='lat' dir='ltr'><strong>signorum</strong></span> <span class='ocrx_word' id='word_1_142' title='bbox 925 2791 1024 2850; x_wconf 91' lang='lat' dir='ltr'><strong>ortus</strong></span> <span class='ocrx_word' id='word_1_143' title='bbox 1049 2791 1084 2847; x_wconf 89' lang='lat' dir='ltr'><strong>et</strong></span> <span class='ocrx_word' id='word_1_144' title='bbox 1104 2778 1229 2855; x_wconf 70' lang='lat' dir='ltr'><strong>obitus,</strong></span> <span class='ocrx_word' id='word_1_145' title='bbox 1244 2779 1367 2848; x_wconf 83' lang='lat' dir='ltr'><strong>defini-</strong></span> 
     </span>
     <span class='ocr_line' id='line_1_23' title="bbox 378 2883 1367 2978; baseline -0.008 -21"><span class='ocrx_word' id='word_1_146' title='bbox 378 2900 453 2959; x_wconf 93' lang='lat' dir='ltr'><strong>tum</strong></span> <span class='ocrx_word' id='word_1_147' title='bbox 471 2885 650 2978; x_wconf 88' lang='lat' dir='ltr'><strong>quendam</strong></span> <span class='ocrx_word' id='word_1_148' title='bbox 669 2883 831 2951; x_wconf 90' lang='lat' dir='ltr'><strong>ordinem</strong></span> <span class='ocrx_word' id='word_1_149' title='bbox 848 2896 1012 2963; x_wconf 82' lang='lat' dir='ltr'><strong>servant,</strong></span> <span class='ocrx_word' id='word_1_150' title='bbox 1046 2895 1081 2950; x_wconf 93' lang='lat' dir='ltr'><strong>et</strong></span> <span class='ocrx_word' id='word_1_151' title='bbox 1104 2904 1245 2951; x_wconf 89' lang='lat' dir='ltr'><strong>annuae</strong></span> <span class='ocrx_word' id='word_1_152' title='bbox 1270 2906 1367 2951; x_wconf 92' lang='lat' dir='ltr'><strong>com-</strong></span> 
     </span>
     <span class='ocr_line' id='line_1_24' title="bbox 378 2984 1367 3076; baseline -0.006 -18"><span class='ocrx_word' id='word_1_153' title='bbox 378 2986 596 3058; x_wconf 87' lang='lat' dir='ltr'><strong>mutationes</strong></span> <span class='ocrx_word' id='word_1_154' title='bbox 634 3007 710 3052; x_wconf 91' lang='lat' dir='ltr'><strong>uon</strong></span> <span class='ocrx_word' id='word_1_155' title='bbox 747 2985 859 3052; x_wconf 92' lang='lat' dir='ltr'><strong>modo</strong></span> <span class='ocrx_word' id='word_1_156' title='bbox 897 2985 1052 3076; x_wconf 87' lang='lat' dir='ltr'><strong>quadam</strong></span> <span class='ocrx_word' id='word_1_157' title='bbox 1087 3007 1131 3052; x_wconf 91' lang='lat' dir='ltr'><strong>ex</strong></span> <span class='ocrx_word' id='word_1_158' title='bbox 1158 2984 1367 3054; x_wconf 82' lang='lat' dir='ltr'><strong>necessitate</strong></span> 
     </span>
     <span class='ocr_line' id='line_1_25' title="bbox 378 3086 1367 3179; baseline -0.004 -20"><span class='ocrx_word' id='word_1_159' title='bbox 378 3109 519 3179; x_wconf 87' lang='lat' dir='ltr'><strong>semper</strong></span> <span class='ocrx_word' id='word_1_160' title='bbox 544 3088 671 3153; x_wconf 88' lang='lat' dir='ltr'><strong>eodem</strong></span> <span class='ocrx_word' id='word_1_161' title='bbox 695 3086 804 3153; x_wconf 91' lang='lat' dir='ltr'><strong>modo</strong></span> <span class='ocrx_word' id='word_1_162' title='bbox 827 3087 937 3167; x_wconf 86' lang='lat' dir='ltr'><strong>fiunt,</strong></span> <span class='ocrx_word' id='word_1_163' title='bbox 978 3109 1104 3154; x_wconf 90' lang='lat' dir='ltr'><strong>verum</strong></span> <span class='ocrx_word' id='word_1_164' title='bbox 1128 3087 1174 3153; x_wconf 89' lang='lat' dir='ltr'><strong>ad</strong></span> <span class='ocrx_word' id='word_1_165' title='bbox 1196 3086 1367 3155; x_wconf 86' lang='lat' dir='ltr'><strong>utilitates</strong></span> 
     </span>
     <span class='ocr_line' id='line_1_26' title="bbox 378 3185 1368 3284; baseline -0.003 -25"><span class='ocrx_word' id='word_1_166' title='bbox 378 3211 524 3284; x_wconf 90' lang='lat' dir='ltr'><strong>quoque</strong></span> <span class='ocrx_word' id='word_1_167' title='bbox 547 3210 667 3256; x_wconf 90' lang='lat' dir='ltr'><strong>rerum</strong></span> <span class='ocrx_word' id='word_1_168' title='bbox 691 3185 852 3254; x_wconf 90' lang='lat' dir='ltr'><strong>omnium</strong></span> <span class='ocrx_word' id='word_1_169' title='bbox 876 3199 960 3256; x_wconf 89' lang='lat' dir='ltr'><strong>sunt</strong></span> <span class='ocrx_word' id='word_1_170' title='bbox 982 3188 1291 3270; x_wconf 85' lang='lat' dir='ltr'><strong>accommodatae,</strong></span> <span class='ocrx_word' id='word_1_171' title='bbox 1332 3199 1368 3256; x_wconf 89' lang='lat' dir='ltr'><strong>et</strong></span> 
     </span>
     <span class='ocr_line' id='line_1_27' title="bbox 378 3287 1366 3383; baseline -0.003 -21"><span class='ocrx_word' id='word_1_172' title='bbox 378 3292 530 3363; x_wconf 92' lang='lat' dir='ltr'><strong>diurnae</strong></span> <span class='ocrx_word' id='word_1_173' title='bbox 557 3300 827 3383; x_wconf 86' lang='lat' dir='ltr'><strong>nocturnaeque</strong></span> <span class='ocrx_word' id='word_1_174' title='bbox 856 3287 1116 3359; x_wconf 88' lang='lat' dir='ltr'><strong>vicissitudines</strong></span> <span class='ocrx_word' id='word_1_175' title='bbox 1142 3289 1241 3360; x_wconf 92' lang='lat' dir='ltr'><strong>nulla</strong></span> <span class='ocrx_word' id='word_1_176' title='bbox 1261 3289 1301 3358; x_wconf 93' lang='lat' dir='ltr'><strong>in</strong></span> <span class='ocrx_word' id='word_1_177' title='bbox 1327 3313 1366 3359; x_wconf 90' lang='lat' dir='ltr'><strong>re</strong></span> 
     </span>
     <span class='ocr_line' id='line_1_28' title="bbox 376 3390 1366 3488; baseline -0.006 -21"><span class='ocrx_word' id='word_1_178' title='bbox 376 3417 536 3488; x_wconf 86' lang='lat' dir='ltr'><strong>unquam</strong></span> <span class='ocrx_word' id='word_1_179' title='bbox 566 3404 743 3475; x_wconf 92' lang='lat' dir='ltr'><strong>mutatae,</strong></span> <span class='ocrx_word' id='word_1_180' title='bbox 786 3390 976 3484; x_wconf 90' lang='lat' dir='ltr'><strong>quicquam</strong></span> <span class='ocrx_word' id='word_1_181' title='bbox 1014 3404 1235 3475; x_wconf 90' lang='lat' dir='ltr'><strong>nocuerunt,</strong></span> <span class='ocrx_word' id='word_1_182' title='bbox 1274 3415 1366 3486; x_wconf 89' lang='lat' dir='ltr'><strong>quae</strong></span> 
     </span>
     <span class='ocr_line' id='line_1_29' title="bbox 342 3493 1365 3589; baseline -0.005 -21"><span class='ocrx_word' id='word_1_183' title='bbox 342 3524 345 3528; x_wconf 67' lang='grc'>’</span> <span class='ocrx_word' id='word_1_184' title='bbox 377 3496 479 3589; x_wconf 87' lang='lat' dir='ltr'><strong>signo</strong></span> <span class='ocrx_word' id='word_1_185' title='bbox 494 3508 579 3566; x_wconf 92' lang='lat' dir='ltr'><strong>suut</strong></span> <span class='ocrx_word' id='word_1_186' title='bbox 593 3494 735 3577; x_wconf 88' lang='lat' dir='ltr'><strong>omnia,</strong></span> <span class='ocrx_word' id='word_1_187' title='bbox 762 3518 837 3562; x_wconf 92' lang='lat' dir='ltr'><strong>non</strong></span> <span class='ocrx_word' id='word_1_188' title='bbox 854 3493 1028 3563; x_wconf 90' lang='lat' dir='ltr'><strong>mediocri</strong></span> <span class='ocrx_word' id='word_1_189' title='bbox 1043 3497 1198 3588; x_wconf 87' lang='lat' dir='ltr'><strong>quodam</strong></span> <span class='ocrx_word' id='word_1_190' title='bbox 1216 3494 1365 3564; x_wconf 91' lang='lat' dir='ltr'><strong>consilio</strong></span> 
     </span>
     <span class='ocr_line' id='line_1_30' title="bbox 375 3595 1367 3689; baseline -0.003 -20"><span class='ocrx_word' id='word_1_191' title='bbox 375 3611 543 3669; x_wconf 89' lang='lat' dir='ltr'><strong>naturam</strong></span> <span class='ocrx_word' id='word_1_192' title='bbox 566 3597 693 3668; x_wconf 87' lang='lat' dir='ltr'><strong>muudi</strong></span> <span class='ocrx_word' id='word_1_193' title='bbox 717 3595 972 3667; x_wconf 91' lang='lat' dir='ltr'><strong>administrari.</strong></span> <span class='ocrx_word' id='word_1_194' title='bbox 1031 3597 1168 3689; x_wconf 85' lang='lat' dir='ltr'><strong>Quinto</strong></span> <span class='ocrx_word' id='word_1_195' title='bbox 1191 3596 1367 3666; x_wconf 90' lang='lat' dir='ltr'><strong>inducunt</strong></span> 
     </span>
     <span class='ocr_line' id='line_1_31' title="bbox 375 3696 1366 3793; baseline -0.003 -22"><span class='ocrx_word' id='word_1_196' title='bbox 375 3702 456 3771; x_wconf 91' lang='lat' dir='ltr'><strong>loco</strong></span> <span class='ocrx_word' id='word_1_197' title='bbox 479 3699 763 3790; x_wconf 86' lang='lat' dir='ltr'><strong>complexionem</strong></span> <span class='ocrx_word' id='word_1_198' title='bbox 779 3696 828 3790; x_wconf 79' lang='lat'><strong>⁴⁷)</strong></span> <span class='ocrx_word' id='word_1_199' title='bbox 862 3721 962 3781; x_wconf 89' lang='lat' dir='ltr'><strong>eam,</strong></span> <span class='ocrx_word' id='word_1_200' title='bbox 996 3722 1089 3793; x_wconf 91' lang='lat' dir='ltr'><strong>quae</strong></span> <span class='ocrx_word' id='word_1_201' title='bbox 1113 3699 1235 3768; x_wconf 90' lang='lat' dir='ltr'><strong>antid</strong></span> <span class='ocrx_word' id='word_1_202' title='bbox 1258 3699 1366 3768; x_wconf 88' lang='lat' dir='ltr'><strong>infert</strong></span> 
     </span>
     <span class='ocr_line' id='line_1_32' title="bbox 375 3797 1366 3894; baseline -0.002 -21"><span class='ocrx_word' id='word_1_203' title='bbox 375 3803 514 3883; x_wconf 90' lang='lat' dir='ltr'><strong>solum,</strong></span> <span class='ocrx_word' id='word_1_204' title='bbox 546 3802 645 3894; x_wconf 93' lang='lat' dir='ltr'><strong>quod</strong></span> <span class='ocrx_word' id='word_1_205' title='bbox 667 3824 709 3868; x_wconf 91' lang='lat' dir='ltr'><strong>ex</strong></span> <span class='ocrx_word' id='word_1_206' title='bbox 732 3800 899 3870; x_wconf 89' lang='lat' dir='ltr'><strong>omnibus</strong></span> <span class='ocrx_word' id='word_1_207' title='bbox 920 3802 1081 3890; x_wconf 90' lang='lat' dir='ltr'><strong>partibus</strong></span> <span class='ocrx_word' id='word_1_208' title='bbox 1102 3801 1261 3892; x_wconf 88' lang='lat' dir='ltr'><strong>cogitur,</strong></span> <span class='ocrx_word' id='word_1_209' title='bbox 1295 3797 1366 3871; x_wconf 90' lang='lat' dir='ltr'><strong>boc</strong></span> 
     </span>
     <span class='ocr_line' id='line_1_33' title="bbox 375 3901 1386 3993; baseline 0 -19"><span class='ocrx_word' id='word_1_210' title='bbox 375 3903 504 3974; x_wconf 87' lang='lat' dir='ltr'><strong>modo:</strong></span> <span class='ocrx_word' id='word_1_211' title='bbox 531 3901 691 3973; x_wconf 91' lang='lat' dir='ltr'><strong>Consilio</strong></span> <span class='ocrx_word' id='word_1_212' title='bbox 706 3902 816 3992; x_wconf 89' lang='lat' dir='ltr'><strong>igitur</strong></span> <span class='ocrx_word' id='word_1_213' title='bbox 830 3905 983 3971; x_wconf 90' lang='lat' dir='ltr'><strong>mundus</strong></span> <span class='ocrx_word' id='word_1_214' title='bbox 1000 3903 1282 3987; x_wconf 89' lang='lat' dir='ltr'><strong>administratur,</strong></span> <span class='ocrx_word' id='word_1_215' title='bbox 1303 3916 1386 3993; x_wconf 40' lang='lat' dir='ltr'><strong>aut,</strong></span> 
     </span>
     <span class='ocr_line' id='line_1_34' title="bbox 375 4002 1366 4098; baseline -0.005 -20"><span class='ocrx_word' id='word_1_216' title='bbox 375 4029 490 4078; x_wconf 87' lang='lat' dir='ltr'><strong>unum</strong></span> <span class='ocrx_word' id='word_1_217' title='bbox 506 4002 544 4073; x_wconf 93' lang='lat' dir='ltr'><strong>iu</strong></span> <span class='ocrx_word' id='word_1_218' title='bbox 560 4004 679 4074; x_wconf 89' lang='lat' dir='ltr'><strong>locum</strong></span> <span class='ocrx_word' id='word_1_219' title='bbox 703 4029 783 4073; x_wconf 90' lang='lat' dir='ltr'><strong>cum</strong></span> <span class='ocrx_word' id='word_1_220' title='bbox 802 4004 1012 4073; x_wconf 86' lang='lat' dir='ltr'><strong>conduxerit</strong></span> <span class='ocrx_word' id='word_1_221' title='bbox 1024 4006 1181 4074; x_wconf 88' lang='lat' dir='ltr'><strong>breviter</strong></span> <span class='ocrx_word' id='word_1_222' title='bbox 1201 4008 1366 4098; x_wconf 89' lang='lat' dir='ltr'><strong>proposi·</strong></span> 
     </span>
     <span class='ocr_line' id='line_1_35' title="bbox 375 4098 1365 4202; baseline 0.001 -24"><span class='ocrx_word' id='word_1_223' title='bbox 375 4109 512 4178; x_wconf 88' lang='lat' dir='ltr'><strong>tionem</strong></span> <span class='ocrx_word' id='word_1_224' title='bbox 534 4119 571 4176; x_wconf 93' lang='lat' dir='ltr'><strong>et</strong></span> <span class='ocrx_word' id='word_1_225' title='bbox 593 4098 895 4199; x_wconf 83' lang='lat' dir='ltr'><strong>assumptionem,</strong></span> <span class='ocrx_word' id='word_1_226' title='bbox 928 4107 965 4175; x_wconf 94' lang='lat' dir='ltr'><strong>id</strong></span> <span class='ocrx_word' id='word_1_227' title='bbox 990 4106 1170 4199; x_wconf 88' lang='lat' dir='ltr'><strong>adiungit,</strong></span> <span class='ocrx_word' id='word_1_228' title='bbox 1201 4112 1300 4202; x_wconf 92' lang='lat' dir='ltr'><strong>quod</strong></span> <span class='ocrx_word' id='word_1_229' title='bbox 1322 4133 1365 4179; x_wconf 90' lang='lat' dir='ltr'><strong>ex</strong></span> 
     </span>
     <span class='ocr_line' id='line_1_36' title="bbox 373 4205 1365 4303; baseline -0.002 -21"><span class='ocrx_word' id='word_1_230' title='bbox 373 4206 682 4294; x_wconf 68' lang='lat' dir='ltr'><strong>tricennarium,</strong></span> <span class='ocrx_word' id='word_1_231' title='bbox 716 4210 762 4278; x_wconf 90' lang='lat' dir='ltr'><strong>ad</strong></span> <span class='ocrx_word' id='word_1_232' title='bbox 785 4205 881 4279; x_wconf 91' lang='lat' dir='ltr'><strong>hunc</strong></span> <span class='ocrx_word' id='word_1_233' title='bbox 903 4209 1062 4279; x_wconf 90' lang='lat' dir='ltr'><strong>modum:</strong></span> <span class='ocrx_word' id='word_1_234' title='bbox 1103 4210 1212 4303; x_wconf 84' lang='lat' dir='ltr'><strong>Quod</strong></span> <span class='ocrx_word' id='word_1_235' title='bbox 1235 4211 1265 4282; x_wconf 90' lang='lat' dir='ltr'><strong>si</strong></span> <span class='ocrx_word' id='word_1_236' title='bbox 1291 4236 1365 4280; x_wconf 90' lang='lat' dir='ltr'><strong>me-</strong></span> 
     </span>
     <span class='ocr_line' id='line_1_37' title="bbox 372 4311 1364 4407; baseline 0.004 -26"><span class='ocrx_word' id='word_1_237' title='bbox 372 4313 444 4384; x_wconf 86' lang='lat' dir='ltr'><strong>lius</strong></span> <span class='ocrx_word' id='word_1_238' title='bbox 458 4324 633 4402; x_wconf 87' lang='lat' dir='ltr'><strong>geruntur</strong></span> <span class='ocrx_word' id='word_1_239' title='bbox 648 4335 710 4396; x_wconf 89' lang='lat' dir='ltr'><strong>ea,</strong></span> <span class='ocrx_word' id='word_1_240' title='bbox 736 4337 828 4406; x_wconf 88' lang='lat' dir='ltr'><strong>quae</strong></span> <span class='ocrx_word' id='word_1_241' title='bbox 845 4311 1015 4395; x_wconf 89' lang='lat' dir='ltr'><strong>consilio,</strong></span> <span class='ocrx_word' id='word_1_242' title='bbox 1040 4335 1147 4406; x_wconf 92' lang='lat' dir='ltr'><strong>quam</strong></span> <span class='ocrx_word' id='word_1_243' title='bbox 1173 4338 1265 4407; x_wconf 91' lang='lat' dir='ltr'><strong>quae</strong></span> <span class='ocrx_word' id='word_1_244' title='bbox 1287 4315 1364 4385; x_wconf 89' lang='lat' dir='ltr'><strong>sine</strong></span> 
     </span>
     <span class='ocr_line' id='line_1_38' title="bbox 294 4410 1365 4504; baseline 0.001 -18"><span class='ocrx_word' id='word_1_245' title='bbox 294 4499 297 4504; x_wconf 35' lang='grc'><strong><em>,</em></strong></span> <span class='ocrx_word' id='word_1_246' title='bbox 374 4415 523 4486; x_wconf 86' lang='lat' dir='ltr'><strong>consilio</strong></span> <span class='ocrx_word' id='word_1_247' title='bbox 537 4414 855 4498; x_wconf 87' lang='lat' dir='ltr'><strong>administrantur,</strong></span> <span class='ocrx_word' id='word_1_248' title='bbox 880 4410 972 4484; x_wconf 92' lang='lat' dir='ltr'><strong>nihil</strong></span> <span class='ocrx_word' id='word_1_249' title='bbox 988 4426 1106 4484; x_wconf 90' lang='lat' dir='ltr'><strong>autern</strong></span> <span class='ocrx_word' id='word_1_250' title='bbox 1129 4417 1291 4487; x_wconf 92' lang='lat' dir='ltr'><strong>omnium</strong></span> <span class='ocrx_word' id='word_1_251' title='bbox 1308 4441 1365 4487; x_wconf 90' lang='lat' dir='ltr'><strong>re·</strong></span> 
     </span>
     <span class='ocr_line' id='line_1_39' title="bbox 373 4516 1364 4611; baseline 0.001 -22"><span class='ocrx_word' id='word_1_252' title='bbox 373 4542 455 4589; x_wconf 88' lang='lat' dir='ltr'><strong>rum</strong></span> <span class='ocrx_word' id='word_1_253' title='bbox 472 4517 617 4599; x_wconf 90' lang='lat' dir='ltr'><strong>melius,</strong></span> <span class='ocrx_word' id='word_1_254' title='bbox 644 4542 752 4611; x_wconf 91' lang='lat' dir='ltr'><strong>quam</strong></span> <span class='ocrx_word' id='word_1_255' title='bbox 771 4516 888 4586; x_wconf 92' lang='lat' dir='ltr'><strong>omnis</strong></span> <span class='ocrx_word' id='word_1_256' title='bbox 905 4520 1061 4588; x_wconf 90' lang='lat' dir='ltr'><strong>mundus</strong></span> <span class='ocrx_word' id='word_1_257' title='bbox 1079 4518 1364 4606; x_wconf 89' lang='lat' dir='ltr'><strong>administratur,</strong></span> 
     </span>
     <span class='ocr_line' id='line_1_40' title="bbox 374 4619 1362 4717; baseline 0.003 -27"><span class='ocrx_word' id='word_1_258' title='bbox 374 4620 524 4691; x_wconf 89' lang='lat' dir='ltr'><strong>consilio</strong></span> <span class='ocrx_word' id='word_1_259' title='bbox 543 4619 653 4710; x_wconf 90' lang='lat' dir='ltr'><strong>igitur</strong></span> <span class='ocrx_word' id='word_1_260' title='bbox 675 4622 830 4690; x_wconf 91' lang='lat' dir='ltr'><strong>mundus</strong></span> <span class='ocrx_word' id='word_1_261' title='bbox 844 4620 1125 4693; x_wconf 88' lang='lat' dir='ltr'><strong>administratur.</strong></span> <span class='ocrx_word' id='word_1_262' title='bbox 1177 4622 1362 4717; x_wconf 81' lang='lat' dir='ltr'><strong>Quinque-</strong></span> 
     </span>
     <span class='ocr_line' id='line_1_41' title="bbox 373 4719 1363 4815; baseline 0.005 -25"><span class='ocrx_word' id='word_1_263' title='bbox 373 4724 542 4813; x_wconf 82' lang='lat' dir='ltr'><strong>pertitam</strong></span> <span class='ocrx_word' id='word_1_264' title='bbox 562 4722 672 4813; x_wconf 89' lang='lat' dir='ltr'><strong>igitur</strong></span> <span class='ocrx_word' id='word_1_265' title='bbox 690 4719 759 4791; x_wconf 91' lang='lat' dir='ltr'><strong>hoc</strong></span> <span class='ocrx_word' id='word_1_266' title='bbox 775 4736 880 4814; x_wconf 90' lang='lat' dir='ltr'><strong>pacto</strong></span> <span class='ocrx_word' id='word_1_267' title='bbox 896 4735 1025 4814; x_wconf 88' lang='lat' dir='ltr'><strong>putant</strong></span> <span class='ocrx_word' id='word_1_268' title='bbox 1040 4748 1115 4795; x_wconf 90' lang='lat' dir='ltr'><strong>esse</strong></span> <span class='ocrx_word' id='word_1_269' title='bbox 1134 4738 1363 4815; x_wconf 87' lang='lat' dir='ltr'><strong>argumenta-</strong></span> 
     </span>
     <span class='ocr_line' id='line_1_42' title="bbox 372 4824 1363 4917; baseline 0.006 -24"><span class='ocrx_word' id='word_1_270' title='bbox 372 4824 521 4895; x_wconf 87' lang='lat' dir='ltr'><strong>tionem.</strong></span> <span class='ocrx_word' id='word_1_271' title='bbox 586 4824 661 4917; x_wconf 86' lang='lat' dir='ltr'><strong>Qui</strong></span> <span class='ocrx_word' id='word_1_272' title='bbox 681 4838 801 4895; x_wconf 90' lang='lat' dir='ltr'><strong>autem</strong></span> <span class='ocrx_word' id='word_1_273' title='bbox 824 4825 1041 4917; x_wconf 90' lang='lat' dir='ltr'><strong>tripartitam</strong></span> <span class='ocrx_word' id='word_1_274' title='bbox 1065 4851 1139 4898; x_wconf 92' lang='lat' dir='ltr'><strong>esse</strong></span> <span class='ocrx_word' id='word_1_275' title='bbox 1160 4828 1302 4912; x_wconf 89' lang='lat' dir='ltr'><strong>dicunt,</strong></span> <span class='ocrx_word' id='word_1_276' title='bbox 1335 4829 1363 4899; x_wconf 92' lang='lat' dir='ltr'><strong>ii</strong></span> 
     </span>
     <span class='ocr_line' id='line_1_43' title="bbox 294 4928 1363 5021; baseline 0.003 -23"><span class='ocrx_word' id='word_1_277' title='bbox 294 4979 308 4998; x_wconf 41' lang='grc' dir='ltr'><em>Ι</em></span> <span class='ocrx_word' id='word_1_278' title='bbox 373 4949 449 4994; x_wconf 91' lang='lat' dir='ltr'><strong>non</strong></span> <span class='ocrx_word' id='word_1_279' title='bbox 462 4928 566 4997; x_wconf 88' lang='lat' dir='ltr'><strong>aliter</strong></span> <span class='ocrx_word' id='word_1_280' title='bbox 581 4941 709 5019; x_wconf 89' lang='lat' dir='ltr'><strong>putant</strong></span> <span class='ocrx_word' id='word_1_281' title='bbox 729 4928 875 4998; x_wconf 90' lang='lat' dir='ltr'><strong>tractari</strong></span> <span class='ocrx_word' id='word_1_282' title='bbox 893 4941 1060 5019; x_wconf 83' lang='lat' dir='ltr'><strong>oportere</strong></span> <span class='ocrx_word' id='word_1_283' title='bbox 1081 4932 1363 5021; x_wconf 87' lang='lat' dir='ltr'><strong>argumentatio-</strong></span> 
     </span>
     <span class='ocr_line' id='line_1_44' title="bbox 371 5026 1362 5123; baseline 0.009 -26"><span class='ocrx_word' id='word_1_284' title='bbox 371 5051 477 5111; x_wconf 89' lang='lat' dir='ltr'><strong>nem,</strong></span> <span class='ocrx_word' id='word_1_285' title='bbox 502 5031 564 5098; x_wconf 90' lang='lat' dir='ltr'><strong>sed</strong></span> <span class='ocrx_word' id='word_1_286' title='bbox 579 5032 810 5122; x_wconf 89' lang='lat' dir='ltr'><strong>partitionem</strong></span> <span class='ocrx_word' id='word_1_287' title='bbox 823 5026 954 5101; x_wconf 89' lang='lat' dir='ltr'><strong>horum</strong></span> <span class='ocrx_word' id='word_1_288' title='bbox 972 5028 1251 5123; x_wconf 88' lang='lat' dir='ltr'><strong>reprehendunt.</strong></span> <span class='ocrx_word' id='word_1_289' title='bbox 1290 5034 1362 5106; x_wconf 89' lang='lat' dir='ltr'><strong>Ne·-</strong></span> 
     </span>
     <span class='ocr_line' id='line_1_45' title="bbox 372 5129 1362 5231; baseline 0.008 -32"><span class='ocrx_word' id='word_1_290' title='bbox 372 5142 459 5223; x_wconf 89' lang='lat' dir='ltr'><strong>gant</strong></span> <span class='ocrx_word' id='word_1_291' title='bbox 476 5129 591 5214; x_wconf 92' lang='lat' dir='ltr'><strong>enim,</strong></span> <span class='ocrx_word' id='word_1_292' title='bbox 619 5158 738 5227; x_wconf 89' lang='lat' dir='ltr'><strong>neque</strong></span> <span class='ocrx_word' id='word_1_293' title='bbox 760 5158 779 5202; x_wconf 91' lang='lat' dir='ltr'><strong>a</strong></span> <span class='ocrx_word' id='word_1_294' title='bbox 797 5132 1066 5226; x_wconf 88' lang='lat' dir='ltr'><strong>propositione,</strong></span> <span class='ocrx_word' id='word_1_295' title='bbox 1099 5160 1215 5231; x_wconf 90' lang='lat' dir='ltr'><strong>neque</strong></span> <span class='ocrx_word' id='word_1_296' title='bbox 1236 5138 1282 5206; x_wconf 92' lang='lat' dir='ltr'><strong>ab</strong></span> <span class='ocrx_word' id='word_1_297' title='bbox 1307 5161 1362 5208; x_wconf 88' lang='lat' dir='ltr'><strong>as·</strong></span> 
     </span>
     <span class='ocr_line' id='line_1_46' title="bbox 371 5230 1362 5333; baseline 0.005 -27"><span class='ocrx_word' id='word_1_298' title='bbox 371 5230 597 5324; x_wconf 86' lang='lat' dir='ltr'><strong>sumptione,</strong></span> <span class='ocrx_word' id='word_1_299' title='bbox 622 5236 900 5327; x_wconf 87' lang='lat' dir='ltr'><strong>approbationes</strong></span> <span class='ocrx_word' id='word_1_300' title='bbox 923 5261 1048 5308; x_wconf 89' lang='lat' dir='ltr'><strong>earum</strong></span> <span class='ocrx_word' id='word_1_301' title='bbox 1072 5240 1233 5331; x_wconf 90' lang='lat' dir='ltr'><strong>separari</strong></span> <span class='ocrx_word' id='word_1_302' title='bbox 1253 5264 1362 5333; x_wconf 91' lang='lat' dir='ltr'><strong>opor-</strong></span> 
     </span>
     <span class='ocr_line' id='line_1_47' title="bbox 371 5339 1360 5439; baseline 0.009 -34"><span class='ocrx_word' id='word_1_303' title='bbox 371 5346 467 5419; x_wconf 91' lang='lat' dir='ltr'><strong>tere,</strong></span> <span class='ocrx_word' id='word_1_304' title='bbox 489 5357 605 5428; x_wconf 89' lang='lat' dir='ltr'><strong>neque</strong></span> <span class='ocrx_word' id='word_1_305' title='bbox 619 5339 904 5431; x_wconf 91' lang='lat' dir='ltr'><strong>propositionem</strong></span> <span class='ocrx_word' id='word_1_306' title='bbox 927 5340 1147 5428; x_wconf 88' lang='lat' dir='ltr'><strong>absolutam,</strong></span> <span class='ocrx_word' id='word_1_307' title='bbox 1173 5368 1289 5439; x_wconf 90' lang='lat' dir='ltr'><strong>neque</strong></span> <span class='ocrx_word' id='word_1_308' title='bbox 1306 5368 1360 5415; x_wconf 92' lang='lat' dir='ltr'><strong>as-</strong></span> 
     </span>
    </p>
   </div>
   <div class='ocr_carea' id='block_1_4' title="bbox 404 5568 1200 5845">
    <p class='ocr_par' dir='ltr' id='par_1_4' title="bbox 404 5568 1200 5845">
     <span class='ocr_line' id='line_1_48' title="bbox 404 5568 1200 5637; baseline 0.009 -15"><span class='ocrx_word' id='word_1_309' title='bbox 404 5568 455 5629; x_wconf 68' lang='lat' dir='ltr'><strong>u)</strong></span> <span class='ocrx_word' id='word_1_310' title='bbox 473 5573 575 5625; x_wconf 78' lang='lat' dir='ltr'><strong>annot</strong></span> <span class='ocrx_word' id='word_1_311' title='bbox 594 5580 699 5634; x_wconf 65' lang='lat' dir='ltr'><strong>urg:</strong></span> <span class='ocrx_word' id='word_1_312' title='bbox 717 5569 874 5631; x_wconf 79' lang='lat' dir='ltr'><strong>Proposltte</strong></span> <span class='ocrx_word' id='word_1_313' title='bbox 890 5572 980 5623; x_wconf 75' lang='lat' dir='ltr'><strong>nator</strong></span> <span class='ocrx_word' id='word_1_314' title='bbox 996 5577 1200 5637; x_wconf 74' lang='lat' dir='ltr'><strong>conprobetur.</strong></span> 
     </span>
     <span class='ocr_line' id='line_1_49' title="bbox 406 5673 1187 5740; baseline 0.005 -16"><span class='ocrx_word' id='word_1_315' title='bbox 406 5674 454 5733; x_wconf 73' lang='lat' dir='ltr'><strong>td)</strong></span> <span class='ocrx_word' id='word_1_316' title='bbox 472 5676 574 5728; x_wconf 74' lang='lat' dir='ltr'><strong>¹lnnot.</strong></span> <span class='ocrx_word' id='word_1_317' title='bbox 591 5685 697 5739; x_wconf 68' lang='lat' dir='ltr'><strong>marg:</strong></span> <span class='ocrx_word' id='word_1_318' title='bbox 722 5673 884 5735; x_wconf 77' lang='lat' dir='ltr'><strong>Adsumptto</strong></span> <span class='ocrx_word' id='word_1_319' title='bbox 903 5675 993 5725; x_wconf 79' lang='lat' dir='ltr'><strong>ntnor</strong></span> <span class='ocrx_word' id='word_1_320' title='bbox 1010 5679 1187 5740; x_wconf 76' lang='lat' dir='ltr'><strong>adprobatur.</strong></span> 
     </span>
     <span class='ocr_line' id='line_1_50' title="bbox 405 5776 1078 5845; baseline 0.004 -17"><span class='ocrx_word' id='word_1_321' title='bbox 405 5777 454 5844; x_wconf 71' lang='lat'><strong>4⁷)</strong></span> <span class='ocrx_word' id='word_1_322' title='bbox 470 5780 573 5832; x_wconf 69' lang='lat' dir='ltr'><strong>annot</strong></span> <span class='ocrx_word' id='word_1_323' title='bbox 588 5790 698 5845; x_wconf 70' lang='lat' dir='ltr'><strong>marg:</strong></span> <span class='ocrx_word' id='word_1_324' title='bbox 716 5777 894 5843; x_wconf 74' lang='lat' dir='ltr'><strong>conplexu,</strong></span> <span class='ocrx_word' id='word_1_325' title='bbox 919 5776 1078 5833; x_wconf 76' lang='lat' dir='ltr'><strong>Cordule.</strong></span> 
     </span>
    </p>
   </div>
   <div class='ocr_carea' id='block_1_5' title="bbox 890 494 1901 654">
    <p class='ocr_par' dir='ltr' id='par_1_5' title="bbox 890 494 1901 654">
     <span class='ocr_line' id='line_1_51' title="bbox 890 494 1901 654; baseline -0.001 -14"><span class='ocrx_word' id='word_1_326' title='bbox 890 567 1015 654; x_wconf 56' lang='lat' dir='ltr'><strong>Pulla.</strong></span> <span class='ocrx_word' id='word_1_327' title='bbox 1041 494 1162 640; x_wconf 35' lang='lat' dir='ltr'><strong>‘MEh</strong></span> <span class='ocrx_word' id='word_1_328' title='bbox 1196 565 1399 639; x_wconf 78' lang='lat' dir='ltr'>SCRIPTA</span> <span class='ocrx_word' id='word_1_329' title='bbox 1432 564 1564 637; x_wconf 82' lang='lat' dir='ltr'><strong>VARll</strong></span> <span class='ocrx_word' id='word_1_330' title='bbox 1596 564 1901 639; x_wconf 82' lang='lat' dir='ltr'><strong>ARGUMENTI.</strong></span> 
     </span>
    </p>
   </div>
   <div class='ocr_carea' id='block_1_6' title="bbox 2337 571 2421 642">
    <p class='ocr_par' dir='ltr' id='par_1_6' title="bbox 2337 571 2421 642">
     <span class='ocr_line' id='line_1_52' title="bbox 2337 571 2421 642; baseline 0.048 -3"><span class='ocrx_word' id='word_1_331' title='bbox 2337 571 2421 642; x_wconf 74' lang='lat'><strong>736</strong></span> 
     </span>
    </p>
   </div>
   <div class='ocr_carea' id='block_1_7' title="bbox 1413 736 2419 5548">
    <p class='ocr_par' dir='ltr' id='par_1_7' title="bbox 1413 736 2419 5548">
     <span class='ocr_line' id='line_1_53' title="bbox 1419 736 2419 833; baseline 0.004 -26"><span class='ocrx_word' id='word_1_332' title='bbox 1419 736 1658 827; x_wconf 88' lang='lat' dir='ltr'><strong>sumptionem</strong></span> <span class='ocrx_word' id='word_1_333' title='bbox 1682 737 1748 807; x_wconf 91' lang='lat' dir='ltr'><strong>sihi</strong></span> <span class='ocrx_word' id='word_1_334' title='bbox 1771 739 1962 828; x_wconf 88' lang='lat' dir='ltr'><strong>perlectam</strong></span> <span class='ocrx_word' id='word_1_335' title='bbox 1989 737 2121 820; x_wconf 91' lang='lat' dir='ltr'><strong>videri,</strong></span> <span class='ocrx_word' id='word_1_336' title='bbox 2162 763 2253 833; x_wconf 90' lang='lat' dir='ltr'><strong>quae</strong></span> <span class='ocrx_word' id='word_1_337' title='bbox 2277 767 2419 832; x_wconf 89' lang='lat' dir='ltr'><strong>appro-</strong></span> 
     </span>
     <span class='ocr_line' id='line_1_54' title="bbox 1418 838 2416 936; baseline 0.008 -31"><span class='ocrx_word' id='word_1_338' title='bbox 1418 838 1563 907; x_wconf 91' lang='lat' dir='ltr'><strong>batione</strong></span> <span class='ocrx_word' id='word_1_339' title='bbox 1593 840 1802 908; x_wconf 83' lang='lat' dir='ltr'><strong>confirmata</strong></span> <span class='ocrx_word' id='word_1_340' title='bbox 1831 840 1987 909; x_wconf 87' lang='lat' dir='ltr'><strong>nonsit.</strong></span> <span class='ocrx_word' id='word_1_341' title='bbox 2048 839 2191 930; x_wconf 85' lang='lat' dir='ltr'><strong>Quare,</strong></span> <span class='ocrx_word' id='word_1_342' title='bbox 2233 867 2324 936; x_wconf 91' lang='lat' dir='ltr'><strong>quas</strong></span> <span class='ocrx_word' id='word_1_343' title='bbox 2361 845 2416 913; x_wconf 93' lang='lat' dir='ltr'><strong>illi</strong></span> 
     </span>
     <span class='ocr_line' id='line_1_55' title="bbox 1418 941 2417 1037; baseline 0.006 -28"><span class='ocrx_word' id='word_1_344' title='bbox 1418 942 1506 1010; x_wconf 92' lang='lat' dir='ltr'><strong>duas</strong></span> <span class='ocrx_word' id='word_1_345' title='bbox 1523 953 1642 1033; x_wconf 90' lang='lat' dir='ltr'><strong>partes</strong></span> <span class='ocrx_word' id='word_1_346' title='bbox 1666 955 1879 1025; x_wconf 90' lang='lat' dir='ltr'><strong>numerant,</strong></span> <span class='ocrx_word' id='word_1_347' title='bbox 1911 941 2196 1033; x_wconf 87' lang='lat' dir='ltr'><strong>propositionem</strong></span> <span class='ocrx_word' id='word_1_348' title='bbox 2220 956 2256 1012; x_wconf 91' lang='lat' dir='ltr'><strong>et</strong></span> <span class='ocrx_word' id='word_1_349' title='bbox 2279 970 2417 1037; x_wconf 89' lang='lat' dir='ltr'><strong>appro-</strong></span> 
     </span>
     <span class='ocr_line' id='line_1_56' title="bbox 1417 1043 2416 1138; baseline 0.006 -26"><span class='ocrx_word' id='word_1_350' title='bbox 1417 1043 1620 1126; x_wconf 88' lang='lat' dir='ltr'><strong>bationem,</strong></span> <span class='ocrx_word' id='word_1_351' title='bbox 1659 1043 1727 1113; x_wconf 90' lang='lat' dir='ltr'><strong>sibi</strong></span> <span class='ocrx_word' id='word_1_352' title='bbox 1751 1067 1859 1112; x_wconf 91' lang='lat' dir='ltr'><strong>unam</strong></span> <span class='ocrx_word' id='word_1_353' title='bbox 1893 1057 2031 1135; x_wconf 88' lang='lat' dir='ltr'><strong>partem</strong></span> <span class='ocrx_word' id='word_1_354' title='bbox 2055 1044 2170 1113; x_wconf 91' lang='lat' dir='ltr'><strong>videri</strong></span> <span class='ocrx_word' id='word_1_355' title='bbox 2190 1048 2416 1138; x_wconf 90' lang='lat' dir='ltr'><strong>propositio·</strong></span> 
     </span>
     <span class='ocr_line' id='line_1_57' title="bbox 1418 1144 2417 1239; baseline 0.009 -26"><span class='ocrx_word' id='word_1_356' title='bbox 1418 1169 1522 1228; x_wconf 89' lang='lat' dir='ltr'><strong>nem,</strong></span> <span class='ocrx_word' id='word_1_357' title='bbox 1548 1144 1686 1239; x_wconf 91' lang='lat' dir='ltr'><strong>quaesi</strong></span> <span class='ocrx_word' id='word_1_358' title='bbox 1702 1147 1900 1236; x_wconf 89' lang='lat' dir='ltr'><strong>approbata</strong></span> <span class='ocrx_word' id='word_1_359' title='bbox 1919 1169 1993 1214; x_wconf 90' lang='lat' dir='ltr'><strong>uon</strong></span> <span class='ocrx_word' id='word_1_360' title='bbox 2015 1145 2082 1228; x_wconf 90' lang='lat' dir='ltr'><strong>sit,</strong></span> <span class='ocrx_word' id='word_1_361' title='bbox 2107 1148 2310 1238; x_wconf 89' lang='lat' dir='ltr'><strong>propositio</strong></span> <span class='ocrx_word' id='word_1_362' title='bbox 2337 1175 2417 1222; x_wconf 90' lang='lat' dir='ltr'><strong>nou</strong></span> 
     </span>
     <span class='ocr_line' id='line_1_58' title="bbox 1417 1244 2416 1340; baseline 0.006 -22"><span class='ocrx_word' id='word_1_363' title='bbox 1417 1248 1464 1318; x_wconf 88' lang='lat' dir='ltr'><strong>sit</strong></span> <span class='ocrx_word' id='word_1_364' title='bbox 1478 1247 1808 1338; x_wconf 90' lang='lat' dir='ltr'><strong>argumentationis.</strong></span> <span class='ocrx_word' id='word_1_365' title='bbox 1858 1244 1968 1331; x_wconf 88' lang='lat' dir='ltr'><strong>ltem,</strong></span> <span class='ocrx_word' id='word_1_366' title='bbox 1995 1271 2086 1340; x_wconf 92' lang='lat' dir='ltr'><strong>quae</strong></span> <span class='ocrx_word' id='word_1_367' title='bbox 2110 1250 2154 1317; x_wconf 92' lang='lat' dir='ltr'><strong>ab</strong></span> <span class='ocrx_word' id='word_1_368' title='bbox 2177 1249 2248 1320; x_wconf 91' lang='lat' dir='ltr'><strong>illis</strong></span> <span class='ocrx_word' id='word_1_369' title='bbox 2274 1276 2416 1324; x_wconf 92' lang='lat' dir='ltr'><strong>assum·</strong></span> 
     </span>
     <span class='ocr_line' id='line_1_59' title="bbox 1418 1348 2415 1440; baseline 0.007 -22"><span class='ocrx_word' id='word_1_370' title='bbox 1418 1349 1515 1440; x_wconf 91' lang='lat' dir='ltr'><strong>ptio,</strong></span> <span class='ocrx_word' id='word_1_371' title='bbox 1558 1361 1593 1418; x_wconf 90' lang='lat' dir='ltr'><strong>et</strong></span> <span class='ocrx_word' id='word_1_372' title='bbox 1618 1348 1871 1440; x_wconf 85' lang='lat' dir='ltr'><strong>assumptionis</strong></span> <span class='ocrx_word' id='word_1_373' title='bbox 1894 1350 2109 1440; x_wconf 88' lang='lat' dir='ltr'><strong>approbatio</strong></span> <span class='ocrx_word' id='word_1_374' title='bbox 2135 1351 2290 1436; x_wconf 87' lang='lat' dir='ltr'><strong>dicitur,</strong></span> <span class='ocrx_word' id='word_1_375' title='bbox 2326 1380 2415 1425; x_wconf 88' lang='lat' dir='ltr'><strong>ean·</strong></span> 
     </span>
     <span class='ocr_line' id='line_1_60' title="bbox 1418 1451 2413 1543; baseline 0.009 -23"><span class='ocrx_word' id='word_1_376' title='bbox 1418 1453 1498 1521; x_wconf 91' lang='lat' dir='ltr'><strong>dem</strong></span> <span class='ocrx_word' id='word_1_377' title='bbox 1516 1451 1583 1521; x_wconf 92' lang='lat' dir='ltr'><strong>sibi</strong></span> <span class='ocrx_word' id='word_1_378' title='bbox 1601 1451 1881 1543; x_wconf 89' lang='lat' dir='ltr'><strong>assumptionem</strong></span> <span class='ocrx_word' id='word_1_379' title='bbox 1905 1453 2020 1520; x_wconf 91' lang='lat' dir='ltr'><strong>solam</strong></span> <span class='ocrx_word' id='word_1_380' title='bbox 2042 1451 2167 1527; x_wconf 88' lang='lat' dir='ltr'><strong>videri.</strong></span> <span class='ocrx_word' id='word_1_381' title='bbox 2213 1451 2266 1523; x_wconf 89' lang='lat' dir='ltr'><strong>lta</strong></span> <span class='ocrx_word' id='word_1_382' title='bbox 2286 1457 2345 1543; x_wconf 88' lang='lat' dir='ltr'><strong>lit,</strong></span> <span class='ocrx_word' id='word_1_383' title='bbox 2370 1473 2413 1529; x_wconf 90' lang='lat' dir='ltr'><strong>ut</strong></span> 
     </span>
     <span class='ocr_line' id='line_1_61' title="bbox 1418 1553 2409 1644; baseline 0.008 -22"><span class='ocrx_word' id='word_1_384' title='bbox 1418 1555 1542 1623; x_wconf 92' lang='lat' dir='ltr'><strong>eadem</strong></span> <span class='ocrx_word' id='word_1_385' title='bbox 1566 1554 1706 1623; x_wconf 90' lang='lat' dir='ltr'><strong>ratione</strong></span> <span class='ocrx_word' id='word_1_386' title='bbox 1731 1553 1994 1644; x_wconf 82' lang='lat' dir='ltr'><strong>argumentatio</strong></span> <span class='ocrx_word' id='word_1_387' title='bbox 2023 1564 2195 1637; x_wconf 88' lang='lat' dir='ltr'><strong>tractata,</strong></span> <span class='ocrx_word' id='word_1_388' title='bbox 2237 1558 2314 1629; x_wconf 90' lang='lat' dir='ltr'><strong>aliis</strong></span> <span class='ocrx_word' id='word_1_389' title='bbox 2341 1562 2409 1629; x_wconf 91' lang='lat' dir='ltr'><strong>tri-</strong></span> 
     </span>
     <span class='ocr_line' id='line_1_62' title="bbox 1418 1655 2412 1752; baseline 0.009 -29"><span class='ocrx_word' id='word_1_390' title='bbox 1418 1656 1563 1746; x_wconf 86' lang='lat' dir='ltr'><strong>partita,</strong></span> <span class='ocrx_word' id='word_1_391' title='bbox 1590 1655 1668 1724; x_wconf 88' lang='lat' dir='ltr'><strong>aliis</strong></span> <span class='ocrx_word' id='word_1_392' title='bbox 1681 1655 1972 1750; x_wconf 86' lang='lat' dir='ltr'><strong>quinquepartita</strong></span> <span class='ocrx_word' id='word_1_393' title='bbox 1987 1656 2168 1725; x_wconf 89' lang='lat' dir='ltr'><strong>videatur:</strong></span> <span class='ocrx_word' id='word_1_394' title='bbox 2197 1671 2305 1752; x_wconf 89' lang='lat' dir='ltr'><strong>atque</strong></span> <span class='ocrx_word' id='word_1_395' title='bbox 2320 1657 2412 1733; x_wconf 90' lang='lat' dir='ltr'><strong>baec</strong></span> 
     </span>
     <span class='ocr_line' id='line_1_63' title="bbox 1419 1757 2412 1854; baseline 0.008 -27"><span class='ocrx_word' id='word_1_396' title='bbox 1419 1757 1544 1827; x_wconf 87' lang='lat' dir='ltr'><strong>Cicero</strong></span> <span class='ocrx_word' id='word_1_397' title='bbox 1558 1757 1670 1826; x_wconf 78' lang='lat' dir='ltr'><strong>ferme</strong></span> <span class='ocrx_word' id='word_1_398' title='bbox 1692 1758 1816 1827; x_wconf 84' lang='lat' dir='ltr'><strong>iisdem</strong></span> <span class='ocrx_word' id='word_1_399' title='bbox 1843 1758 1978 1838; x_wconf 87' lang='lat' dir='ltr'><strong>verbis;</strong></span> <span class='ocrx_word' id='word_1_400' title='bbox 2012 1760 2136 1826; x_wconf 92' lang='lat' dir='ltr'><strong>eadem</strong></span> <span class='ocrx_word' id='word_1_401' title='bbox 2159 1773 2244 1830; x_wconf 88' lang='lat' dir='ltr'><strong>sunt</strong></span> <span class='ocrx_word' id='word_1_402' title='bbox 2263 1765 2412 1854; x_wconf 83' lang='lat' dir='ltr'><strong>prodite</strong></span> 
     </span>
     <span class='ocr_line' id='line_1_64' title="bbox 1419 1855 2413 1960; baseline 0.009 -33"><span class='ocrx_word' id='word_1_403' title='bbox 1419 1859 1676 1952; x_wconf 86' lang='lat' dir='ltr'><strong>aQuintiliano</strong></span> <span class='ocrx_word' id='word_1_404' title='bbox 1692 1862 1736 1928; x_wconf 91' lang='lat' dir='ltr'><strong>de</strong></span> <span class='ocrx_word' id='word_1_405' title='bbox 1749 1855 2041 1950; x_wconf 84' lang='lat' dir='ltr'><strong>Epicberemate,</strong></span> <span class='ocrx_word' id='word_1_406' title='bbox 2066 1874 2171 1930; x_wconf 88' lang='lat' dir='ltr'><strong>vocat</strong></span> <span class='ocrx_word' id='word_1_407' title='bbox 2185 1863 2282 1933; x_wconf 90' lang='lat' dir='ltr'><strong>enirn</strong></span> <span class='ocrx_word' id='word_1_408' title='bbox 2293 1866 2413 1960; x_wconf 84' lang='lat' dir='ltr'><strong>Quiu-</strong></span> 
     </span>
     <span class='ocr_line' id='line_1_65' title="bbox 1418 1957 2414 2055; baseline 0.01 -26"><span class='ocrx_word' id='word_1_409' title='bbox 1418 1962 1565 2032; x_wconf 91' lang='lat' dir='ltr'><strong>tilianus</strong></span> <span class='ocrx_word' id='word_1_410' title='bbox 1589 1957 1844 2053; x_wconf 89' lang='lat' dir='ltr'><strong>Epicberema‚</strong></span> <span class='ocrx_word' id='word_1_411' title='bbox 1885 1963 1982 2055; x_wconf 91' lang='lat' dir='ltr'><strong>quod</strong></span> <span class='ocrx_word' id='word_1_412' title='bbox 2007 1961 2131 2032; x_wconf 89' lang='lat' dir='ltr'><strong>Cicero</strong></span> <span class='ocrx_word' id='word_1_413' title='bbox 2158 1966 2414 2039; x_wconf 80' lang='lat' dir='ltr'><strong>ratiocinatio·</strong></span> 
     </span>
     <span class='ocr_line' id='line_1_66' title="bbox 1419 2063 2413 2159; baseline 0.009 -27"><span class='ocrx_word' id='word_1_414' title='bbox 1419 2087 1515 2135; x_wconf 92' lang='lat' dir='ltr'><strong>nem.</strong></span> <span class='ocrx_word' id='word_1_415' title='bbox 1565 2063 1692 2157; x_wconf 90' lang='lat' dir='ltr'><strong>Neque</strong></span> <span class='ocrx_word' id='word_1_416' title='bbox 1709 2064 1807 2133; x_wconf 90' lang='lat' dir='ltr'><strong>aliud</strong></span> <span class='ocrx_word' id='word_1_417' title='bbox 1822 2076 1926 2133; x_wconf 89' lang='lat' dir='ltr'><strong>estre</strong></span> <span class='ocrx_word' id='word_1_418' title='bbox 1941 2064 2038 2156; x_wconf 86' lang='lat' dir='ltr'><strong>ipsa,</strong></span> <span class='ocrx_word' id='word_1_419' title='bbox 2073 2065 2147 2134; x_wconf 86' lang='lat' dir='ltr'><strong>sive</strong></span> <span class='ocrx_word' id='word_1_420' title='bbox 2171 2065 2413 2159; x_wconf 72' lang='lat' dir='ltr'><strong>epicherema,</strong></span> 
     </span>
     <span class='ocr_line' id='line_1_67' title="bbox 1419 2165 2413 2259; baseline 0.007 -24"><span class='ocrx_word' id='word_1_421' title='bbox 1419 2167 1492 2235; x_wconf 87' lang='lat' dir='ltr'><strong>sive</strong></span> <span class='ocrx_word' id='word_1_422' title='bbox 1515 2165 1764 2259; x_wconf 86' lang='lat' dir='ltr'><strong>ratiocinatio,</strong></span> <span class='ocrx_word' id='word_1_423' title='bbox 1779 2177 1896 2259; x_wconf 79' lang='lat' dir='ltr'><strong>&#39;quam</strong></span> <span class='ocrx_word' id='word_1_424' title='bbox 1923 2167 2161 2259; x_wconf 76' lang='lat' dir='ltr'><strong>syllogismus.</strong></span> <span class='ocrx_word' id='word_1_425' title='bbox 2216 2171 2328 2243; x_wconf 77' lang='lat' dir='ltr'><strong>Finiit</strong></span> <span class='ocrx_word' id='word_1_426' title='bbox 2348 2173 2413 2244; x_wconf 90' lang='lat' dir='ltr'><strong>Ci-</strong></span> 
     </span>
     <span class='ocr_line' id='line_1_68' title="bbox 1419 2268 2414 2361; baseline 0.008 -25"><span class='ocrx_word' id='word_1_427' title='bbox 1419 2291 1501 2337; x_wconf 88' lang='lat' dir='ltr'><strong>cero</strong></span> <span class='ocrx_word' id='word_1_428' title='bbox 1530 2269 1640 2357; x_wconf 92' lang='lat' dir='ltr'><strong>paulo</strong></span> <span class='ocrx_word' id='word_1_429' title='bbox 1669 2269 1852 2338; x_wconf 90' lang='lat' dir='ltr'><strong>obscurius</strong></span> <span class='ocrx_word' id='word_1_430' title='bbox 1880 2268 2137 2361; x_wconf 84' lang='lat' dir='ltr'><strong>syllogismum.</strong></span> <span class='ocrx_word' id='word_1_431' title='bbox 2203 2270 2346 2345; x_wconf 83' lang='lat' dir='ltr'><strong>Deinde</strong></span> <span class='ocrx_word' id='word_1_432' title='bbox 2370 2278 2414 2344; x_wconf 91' lang='lat' dir='ltr'><strong>in</strong></span> 
     </span>
     <span class='ocr_line' id='line_1_69' title="bbox 1419 2369 2413 2470; baseline 0.011 -34"><span class='ocrx_word' id='word_1_433' title='bbox 1419 2370 1578 2462; x_wconf 91' lang='lat' dir='ltr'><strong>quinque</strong></span> <span class='ocrx_word' id='word_1_434' title='bbox 1595 2383 1713 2462; x_wconf 88' lang='lat' dir='ltr'><strong>partes</strong></span> <span class='ocrx_word' id='word_1_435' title='bbox 1733 2369 1916 2440; x_wconf 90' lang='lat' dir='ltr'><strong>dissecuit:</strong></span> <span class='ocrx_word' id='word_1_436' title='bbox 1948 2373 2251 2463; x_wconf 87' lang='lat' dir='ltr'><strong>propositionem,</strong></span> <span class='ocrx_word' id='word_1_437' title='bbox 2276 2401 2413 2470; x_wconf 88' lang='lat' dir='ltr'><strong>appro-</strong></span> 
     </span>
     <span class='ocr_line' id='line_1_70' title="bbox 1418 2471 2414 2566; baseline 0.011 -26"><span class='ocrx_word' id='word_1_438' title='bbox 1418 2471 1600 2540; x_wconf 88' lang='lat' dir='ltr'><strong>bationem</strong></span> <span class='ocrx_word' id='word_1_439' title='bbox 1622 2471 1900 2564; x_wconf 89' lang='lat' dir='ltr'><strong>propositionis,</strong></span> <span class='ocrx_word' id='word_1_440' title='bbox 1936 2475 2238 2566; x_wconf 86' lang='lat' dir='ltr'><strong>assumptionem,</strong></span> <span class='ocrx_word' id='word_1_441' title='bbox 2273 2502 2414 2551; x_wconf 85' lang='lat' dir='ltr'><strong>assum·</strong></span> 
     </span>
     <span class='ocr_line' id='line_1_71' title="bbox 1418 2573 2414 2676; baseline 0.011 -34"><span class='ocrx_word' id='word_1_442' title='bbox 1418 2573 1552 2665; x_wconf 89' lang='lat' dir='ltr'><strong>ptionis</strong></span> <span class='ocrx_word' id='word_1_443' title='bbox 1568 2574 1887 2666; x_wconf 87' lang='lat' dir='ltr'><strong>approbationem,</strong></span> <span class='ocrx_word' id='word_1_444' title='bbox 1914 2587 1949 2643; x_wconf 91' lang='lat' dir='ltr'><strong>et</strong></span> <span class='ocrx_word' id='word_1_445' title='bbox 1963 2579 2260 2668; x_wconf 83' lang='lat' dir='ltr'><strong>complexionem.</strong></span> <span class='ocrx_word' id='word_1_446' title='bbox 2308 2583 2414 2676; x_wconf 83' lang='lat' dir='ltr'><strong>Quas</strong></span> 
     </span>
     <span class='ocr_line' id='line_1_72' title="bbox 1418 2677 2414 2768; baseline 0.011 -24"><span class='ocrx_word' id='word_1_447' title='bbox 1418 2689 1538 2767; x_wconf 91' lang='lat' dir='ltr'><strong>partes</strong></span> <span class='ocrx_word' id='word_1_448' title='bbox 1564 2690 1689 2746; x_wconf 90' lang='lat' dir='ltr'><strong>nostro</strong></span> <span class='ocrx_word' id='word_1_449' title='bbox 1712 2701 1813 2746; x_wconf 91' lang='lat' dir='ltr'><strong>more</strong></span> <span class='ocrx_word' id='word_1_450' title='bbox 1837 2677 1958 2745; x_wconf 89' lang='lat' dir='ltr'><strong>licebit</strong></span> <span class='ocrx_word' id='word_1_451' title='bbox 1980 2702 2086 2750; x_wconf 85' lang='lat' dir='ltr'><strong>voces</strong></span> <span class='ocrx_word' id='word_1_452' title='bbox 2103 2682 2300 2768; x_wconf 80' lang='lat' dir='ltr'><strong>maiorem,</strong></span> <span class='ocrx_word' id='word_1_453' title='bbox 2332 2709 2414 2755; x_wconf 90' lang='lat' dir='ltr'><strong>ma-</strong></span> 
     </span>
     <span class='ocr_line' id='line_1_73' title="bbox 1419 2778 2414 2880; baseline 0.012 -35"><span class='ocrx_word' id='word_1_454' title='bbox 1419 2778 1506 2849; x_wconf 89' lang='lat' dir='ltr'><strong>ioris</strong></span> <span class='ocrx_word' id='word_1_455' title='bbox 1522 2779 1845 2862; x_wconf 83' lang='lat' dir='ltr'><strong>confirmationem,</strong></span> <span class='ocrx_word' id='word_1_456' title='bbox 1871 2778 2063 2867; x_wconf 88' lang='lat' dir='ltr'><strong>minorem,</strong></span> <span class='ocrx_word' id='word_1_457' title='bbox 2083 2784 2307 2880; x_wconf 88' lang='lat' dir='ltr'><strong>minorisque</strong></span> <span class='ocrx_word' id='word_1_458' title='bbox 2321 2811 2414 2879; x_wconf 88' lang='lat' dir='ltr'><strong>pro-</strong></span> 
     </span>
     <span class='ocr_line' id='line_1_74' title="bbox 1417 2881 2414 2980; baseline 0.011 -32"><span class='ocrx_word' id='word_1_459' title='bbox 1417 2881 1622 2964; x_wconf 86' lang='lat' dir='ltr'><strong>bationem,</strong></span> <span class='ocrx_word' id='word_1_460' title='bbox 1655 2894 1691 2950; x_wconf 92' lang='lat' dir='ltr'><strong>et</strong></span> <span class='ocrx_word' id='word_1_461' title='bbox 1710 2881 1987 2953; x_wconf 90' lang='lat' dir='ltr'><strong>conclusionem.</strong></span> <span class='ocrx_word' id='word_1_462' title='bbox 2048 2884 2163 2968; x_wconf 85' lang='lat' dir='ltr'><strong>Nam,</strong></span> <span class='ocrx_word' id='word_1_463' title='bbox 2200 2891 2300 2980; x_wconf 92' lang='lat' dir='ltr'><strong>quod</strong></span> <span class='ocrx_word' id='word_1_464' title='bbox 2321 2913 2414 2980; x_wconf 87' lang='lat' dir='ltr'><strong>pro-</strong></span> 
     </span>
     <span class='ocr_line' id='line_1_75' title="bbox 1418 2983 2415 3078; baseline 0.011 -28"><span class='ocrx_word' id='word_1_465' title='bbox 1418 2983 1665 3052; x_wconf 88' lang='lat' dir='ltr'><strong>nuntiaturum</strong></span> <span class='ocrx_word' id='word_1_466' title='bbox 1682 2984 1914 3074; x_wconf 88' lang='lat' dir='ltr'><strong>probationes</strong></span> <span class='ocrx_word' id='word_1_467' title='bbox 1933 2983 1971 3051; x_wconf 92' lang='lat' dir='ltr'><strong>iu</strong></span> <span class='ocrx_word' id='word_1_468' title='bbox 1994 2985 2190 3077; x_wconf 83' lang='lat' dir='ltr'><strong>syllogismi</strong></span> <span class='ocrx_word' id='word_1_469' title='bbox 2210 3003 2316 3078; x_wconf 89' lang='lat' dir='ltr'><strong>parte</strong></span> <span class='ocrx_word' id='word_1_470' title='bbox 2336 3015 2415 3060; x_wconf 91' lang='lat' dir='ltr'><strong>nu-</strong></span> 
     </span>
     <span class='ocr_line' id='line_1_76' title="bbox 1419 3086 2416 3184; baseline 0.008 -32"><span class='ocrx_word' id='word_1_471' title='bbox 1419 3097 1553 3167; x_wconf 91' lang='lat' dir='ltr'><strong>merat,</strong></span> <span class='ocrx_word' id='word_1_472' title='bbox 1597 3086 1712 3176; x_wconf 92' lang='lat' dir='ltr'><strong>magis</strong></span> <span class='ocrx_word' id='word_1_473' title='bbox 1737 3087 1910 3155; x_wconf 86' lang='lat' dir='ltr'><strong>materiae</strong></span> <span class='ocrx_word' id='word_1_474' title='bbox 1941 3101 2251 3177; x_wconf 85' lang='lat' dir='ltr'><strong>argumentorum,</strong></span> <span class='ocrx_word' id='word_1_475' title='bbox 2289 3116 2416 3184; x_wconf 84' lang='lat' dir='ltr'><strong>quarn</strong></span> 
     </span>
     <span class='ocr_line' id='line_1_77' title="bbox 1417 3184 2413 3284; baseline 0.007 -30"><span class='ocrx_word' id='word_1_476' title='bbox 1417 3187 1556 3255; x_wconf 81' lang='lat' dir='ltr'><strong>formae</strong></span> <span class='ocrx_word' id='word_1_477' title='bbox 1571 3187 1748 3257; x_wconf 89' lang='lat' dir='ltr'><strong>rationem</strong></span> <span class='ocrx_word' id='word_1_478' title='bbox 1766 3184 1904 3259; x_wconf 87' lang='lat' dir='ltr'><strong>babuit.</strong></span> <span class='ocrx_word' id='word_1_479' title='bbox 1943 3186 2076 3258; x_wconf 87' lang='lat' dir='ltr'><strong>Verum</strong></span> <span class='ocrx_word' id='word_1_480' title='bbox 2095 3186 2157 3259; x_wconf 91' lang='lat' dir='ltr'><strong>hic</strong></span> <span class='ocrx_word' id='word_1_481' title='bbox 2176 3215 2254 3260; x_wconf 91' lang='lat' dir='ltr'><strong>non</strong></span> <span class='ocrx_word' id='word_1_482' title='bbox 2272 3194 2413 3284; x_wconf 88' lang='lat' dir='ltr'><strong>agitur,</strong></span> 
     </span>
     <span class='ocr_line' id='line_1_78' title="bbox 1418 3289 2412 3387; baseline 0.008 -30"><span class='ocrx_word' id='word_1_483' title='bbox 1418 3312 1501 3359; x_wconf 89' lang='lat' dir='ltr'><strong>vera</strong></span> <span class='ocrx_word' id='word_1_484' title='bbox 1519 3289 1592 3360; x_wconf 89' lang='lat' dir='ltr'><strong>sint</strong></span> <span class='ocrx_word' id='word_1_485' title='bbox 1610 3289 1808 3374; x_wconf 83' lang='lat' dir='ltr'><strong>axiomata,</strong></span> <span class='ocrx_word' id='word_1_486' title='bbox 1832 3314 1899 3361; x_wconf 92' lang='lat' dir='ltr'><strong>nec</strong></span> <span class='ocrx_word' id='word_1_487' title='bbox 1920 3315 1987 3376; x_wconf 90' lang='lat' dir='ltr'><strong>ne,</strong></span> <span class='ocrx_word' id='word_1_488' title='bbox 2013 3293 2076 3362; x_wconf 90' lang='lat' dir='ltr'><strong>sed</strong></span> <span class='ocrx_word' id='word_1_489' title='bbox 2102 3295 2287 3387; x_wconf 90' lang='lat' dir='ltr'><strong>quomodo</strong></span> <span class='ocrx_word' id='word_1_490' title='bbox 2311 3295 2412 3366; x_wconf 89' lang='lat' dir='ltr'><strong>inter</strong></span> 
     </span>
     <span class='ocr_line' id='line_1_79' title="bbox 1417 3389 2411 3487; baseline 0.007 -25"><span class='ocrx_word' id='word_1_491' title='bbox 1417 3416 1454 3462; x_wconf 93' lang='lat' dir='ltr'><strong>se</strong></span> <span class='ocrx_word' id='word_1_492' title='bbox 1471 3389 1704 3477; x_wconf 88' lang='lat' dir='ltr'><strong>cohaereant,</strong></span> <span class='ocrx_word' id='word_1_493' title='bbox 1731 3418 1875 3487; x_wconf 92' lang='lat' dir='ltr'><strong>quoque</strong></span> <span class='ocrx_word' id='word_1_494' title='bbox 1892 3394 2020 3464; x_wconf 91' lang='lat' dir='ltr'><strong>ordine</strong></span> <span class='ocrx_word' id='word_1_495' title='bbox 2043 3397 2232 3467; x_wconf 90' lang='lat' dir='ltr'><strong>coniuncta</strong></span> <span class='ocrx_word' id='word_1_496' title='bbox 2254 3398 2348 3483; x_wconf 92' lang='lat' dir='ltr'><strong>sint,</strong></span> <span class='ocrx_word' id='word_1_497' title='bbox 2373 3412 2411 3469; x_wconf 92' lang='lat' dir='ltr'><strong>et</strong></span> 
     </span>
     <span class='ocr_line' id='line_1_80' title="bbox 1418 3498 2410 3592; baseline 0.007 -29"><span class='ocrx_word' id='word_1_498' title='bbox 1418 3507 1507 3587; x_wconf 92' lang='lat' dir='ltr'><strong>quot</strong></span> <span class='ocrx_word' id='word_1_499' title='bbox 1526 3519 1650 3578; x_wconf 90' lang='lat' dir='ltr'><strong>voces,</strong></span> <span class='ocrx_word' id='word_1_500' title='bbox 1684 3509 1850 3590; x_wconf 91' lang='lat' dir='ltr'><strong>quotque.</strong></span> <span class='ocrx_word' id='word_1_501' title='bbox 1864 3498 2097 3587; x_wconf 85' lang='lat' dir='ltr'><strong>pronuntiata</strong></span> <span class='ocrx_word' id='word_1_502' title='bbox 2121 3500 2303 3591; x_wconf 88' lang='lat' dir='ltr'><strong>compingi</strong></span> <span class='ocrx_word' id='word_1_503' title='bbox 2323 3523 2410 3592; x_wconf 92' lang='lat' dir='ltr'><strong>pos-</strong></span> 
     </span>
     <span class='ocr_line' id='line_1_81' title="bbox 1416 3596 2409 3694; baseline 0.007 -28"><span class='ocrx_word' id='word_1_504' title='bbox 1416 3597 1488 3666; x_wconf 91' lang='lat' dir='ltr'><strong>sint</strong></span> <span class='ocrx_word' id='word_1_505' title='bbox 1503 3596 1542 3665; x_wconf 93' lang='lat' dir='ltr'><strong>in</strong></span> <span class='ocrx_word' id='word_1_506' title='bbox 1557 3598 1821 3690; x_wconf 87' lang='lat' dir='ltr'><strong>syllogismum,</strong></span> <span class='ocrx_word' id='word_1_507' title='bbox 1847 3600 2005 3694; x_wconf 83' lang='lat' dir='ltr'><strong>alioqui,</strong></span> <span class='ocrx_word' id='word_1_508' title='bbox 2029 3602 2060 3672; x_wconf 92' lang='lat' dir='ltr'><strong>si</strong></span> <span class='ocrx_word' id='word_1_509' title='bbox 2082 3602 2192 3673; x_wconf 89' lang='lat' dir='ltr'><strong>addas</strong></span> <span class='ocrx_word' id='word_1_510' title='bbox 2216 3602 2409 3673; x_wconf 88' lang='lat' dir='ltr'><strong>axiomatis</strong></span> 
     </span>
     <span class='ocr_line' id='line_1_82' title="bbox 1417 3700 2408 3795; baseline 0.009 -28"><span class='ocrx_word' id='word_1_511' title='bbox 1417 3700 1668 3790; x_wconf 89' lang='lat' dir='ltr'><strong>probationes,</strong></span> <span class='ocrx_word' id='word_1_512' title='bbox 1700 3700 1771 3769; x_wconf 90' lang='lat' dir='ltr'><strong>iam</strong></span> <span class='ocrx_word' id='word_1_513' title='bbox 1797 3724 1912 3772; x_wconf 87' lang='lat' dir='ltr'><strong>novus</strong></span> <span class='ocrx_word' id='word_1_514' title='bbox 1934 3703 2160 3795; x_wconf 85' lang='lat' dir='ltr'><strong>syllogismus</strong></span> <span class='ocrx_word' id='word_1_515' title='bbox 2185 3706 2408 3785; x_wconf 86' lang='lat' dir='ltr'><strong>contexitur;</strong></span> 
     </span>
     <span class='ocr_line' id='line_1_83' title="bbox 1417 3802 2408 3896; baseline 0.008 -26"><span class='ocrx_word' id='word_1_516' title='bbox 1417 3802 1545 3870; x_wconf 89' lang='lat' dir='ltr'><strong>deinde</strong></span> <span class='ocrx_word' id='word_1_517' title='bbox 1576 3803 1738 3896; x_wconf 90' lang='lat' dir='ltr'><strong>plerique</strong></span> <span class='ocrx_word' id='word_1_518' title='bbox 1776 3804 1973 3896; x_wconf 85' lang='lat' dir='ltr'><strong>syllogismi</strong></span> <span class='ocrx_word' id='word_1_519' title='bbox 2006 3807 2184 3878; x_wconf 91' lang='lat' dir='ltr'><strong>eiusmodi</strong></span> <span class='ocrx_word' id='word_1_520' title='bbox 2220 3820 2325 3892; x_wconf 91' lang='lat' dir='ltr'><strong>sunt,</strong></span> <span class='ocrx_word' id='word_1_521' title='bbox 2364 3822 2408 3878; x_wconf 88' lang='lat' dir='ltr'><strong>ut</strong></span> 
     </span>
     <span class='ocr_line' id='line_1_84' title="bbox 1416 3904 2409 3981; baseline 0.01 -10"><span class='ocrx_word' id='word_1_522' title='bbox 1416 3904 1473 3972; x_wconf 88' lang='lat' dir='ltr'><strong>vel</strong></span> <span class='ocrx_word' id='word_1_523' title='bbox 1488 3906 1574 3973; x_wconf 87' lang='lat' dir='ltr'><strong>citra</strong></span> <span class='ocrx_word' id='word_1_524' title='bbox 1595 3906 1883 3977; x_wconf 84' lang='lat' dir='ltr'><strong>confirmationes</strong></span> <span class='ocrx_word' id='word_1_525' title='bbox 1897 3908 1982 3979; x_wconf 91' lang='lat' dir='ltr'><strong>satis</strong></span> <span class='ocrx_word' id='word_1_526' title='bbox 2002 3909 2186 3980; x_wconf 88' lang='lat' dir='ltr'><strong>declarent</strong></span> <span class='ocrx_word' id='word_1_527' title='bbox 2207 3910 2409 3981; x_wconf 89' lang='lat' dir='ltr'><strong>conclusio-</strong></span> 
     </span>
     <span class='ocr_line' id='line_1_85' title="bbox 1415 4006 2410 4107; baseline 0.007 -33"><span class='ocrx_word' id='word_1_528' title='bbox 1415 4030 1518 4090; x_wconf 89' lang='lat' dir='ltr'><strong>nem,</strong></span> <span class='ocrx_word' id='word_1_529' title='bbox 1546 4008 1669 4101; x_wconf 92' lang='lat' dir='ltr'><strong>quales</strong></span> <span class='ocrx_word' id='word_1_530' title='bbox 1692 4032 1734 4077; x_wconf 89' lang='lat' dir='ltr'><strong>ex</strong></span> <span class='ocrx_word' id='word_1_531' title='bbox 1753 4006 2015 4081; x_wconf 88' lang='lat' dir='ltr'><strong>Mathematicis</strong></span> <span class='ocrx_word' id='word_1_532' title='bbox 2039 4013 2114 4102; x_wconf 90' lang='lat' dir='ltr'><strong>peti</strong></span> <span class='ocrx_word' id='word_1_533' title='bbox 2136 4026 2305 4105; x_wconf 89' lang='lat' dir='ltr'><strong>possunt,</strong></span> <span class='ocrx_word' id='word_1_534' title='bbox 2340 4014 2410 4107; x_wconf 89' lang='lat' dir='ltr'><strong>qui</strong></span> 
     </span>
     <span class='ocr_line' id='line_1_86' title="bbox 1416 4110 2411 4197; baseline 0.009 -21"><span class='ocrx_word' id='word_1_535' title='bbox 1416 4133 1491 4177; x_wconf 90' lang='lat' dir='ltr'><strong>rem</strong></span> <span class='ocrx_word' id='word_1_536' title='bbox 1517 4110 1629 4180; x_wconf 91' lang='lat' dir='ltr'><strong>oculis</strong></span> <span class='ocrx_word' id='word_1_537' title='bbox 1652 4111 1856 4181; x_wconf 86' lang='lat' dir='ltr'><strong>subiiciunt.</strong></span> <span class='ocrx_word' id='word_1_538' title='bbox 1928 4113 1998 4183; x_wconf 85' lang='lat' dir='ltr'><strong>Sed</strong></span> <span class='ocrx_word' id='word_1_539' title='bbox 2021 4115 2066 4183; x_wconf 94' lang='lat' dir='ltr'><strong>de</strong></span> <span class='ocrx_word' id='word_1_540' title='bbox 2095 4110 2295 4197; x_wconf 90' lang='lat' dir='ltr'><strong>rhetorica,</strong></span> <span class='ocrx_word' id='word_1_541' title='bbox 2335 4111 2411 4185; x_wconf 87' lang='lat' dir='ltr'><strong>boc</strong></span> 
     </span>
     <span class='ocr_line' id='line_1_87' title="bbox 1416 4213 2409 4310; baseline 0.008 -30"><span class='ocrx_word' id='word_1_542' title='bbox 1416 4224 1488 4294; x_wconf 90' lang='lat' dir='ltr'><strong>est,</strong></span> <span class='ocrx_word' id='word_1_543' title='bbox 1514 4213 1693 4303; x_wconf 90' lang='lat' dir='ltr'><strong>probabili</strong></span> <span class='ocrx_word' id='word_1_544' title='bbox 1709 4216 2019 4305; x_wconf 88' lang='lat' dir='ltr'><strong>argumentatione</strong></span> <span class='ocrx_word' id='word_1_545' title='bbox 2033 4217 2250 4310; x_wconf 90' lang='lat' dir='ltr'><strong>loquebatur</strong></span> <span class='ocrx_word' id='word_1_546' title='bbox 2265 4217 2409 4303; x_wconf 89' lang='lat' dir='ltr'><strong>Cicero,</strong></span> 
     </span>
     <span class='ocr_line' id='line_1_88' title="bbox 1415 4314 2408 4408; baseline 0.01 -25"><span class='ocrx_word' id='word_1_547' title='bbox 1415 4337 1507 4408; x_wconf 89' lang='lat' dir='ltr'><strong>quae</strong></span> <span class='ocrx_word' id='word_1_548' title='bbox 1533 4316 1656 4406; x_wconf 88' lang='lat' dir='ltr'><strong>liguris</strong></span> <span class='ocrx_word' id='word_1_549' title='bbox 1682 4329 1718 4386; x_wconf 88' lang='lat' dir='ltr'><strong>et</strong></span> <span class='ocrx_word' id='word_1_550' title='bbox 1738 4314 1977 4389; x_wconf 89' lang='lat' dir='ltr'><strong>schematibus</strong></span> <span class='ocrx_word' id='word_1_551' title='bbox 2000 4320 2169 4391; x_wconf 89' lang='lat' dir='ltr'><strong>oratoriis</strong></span> <span class='ocrx_word' id='word_1_552' title='bbox 2191 4320 2408 4393; x_wconf 86' lang='lat' dir='ltr'><strong>illustratur.</strong></span> 
     </span>
     <span class='ocr_line' id='line_1_89' title="bbox 1414 4416 2408 4516; baseline 0.004 -29"><span class='ocrx_word' id='word_1_553' title='bbox 1414 4416 1489 4487; x_wconf 87' lang='lat' dir='ltr'><strong>Nos</strong></span> <span class='ocrx_word' id='word_1_554' title='bbox 1503 4416 1854 4516; x_wconf 87' lang='lat' dir='ltr'><strong>simplicissimamet</strong></span> <span class='ocrx_word' id='word_1_555' title='bbox 1874 4421 2104 4493; x_wconf 88' lang='lat' dir='ltr'><strong>certissimam</strong></span> <span class='ocrx_word' id='word_1_556' title='bbox 2126 4427 2408 4513; x_wconf 78' lang='lat' dir='ltr'><strong>argumentandi</strong></span> 
     </span>
     <span class='ocr_line' id='line_1_90' title="bbox 1413 4519 2407 4612; baseline 0.012 -25"><span class='ocrx_word' id='word_1_557' title='bbox 1413 4519 1592 4588; x_wconf 90' lang='lat' dir='ltr'><strong>rationem</strong></span> <span class='ocrx_word' id='word_1_558' title='bbox 1617 4522 1902 4612; x_wconf 89' lang='lat' dir='ltr'><strong>praescribimus.</strong></span> <span class='ocrx_word' id='word_1_559' title='bbox 1955 4525 2029 4596; x_wconf 91' lang='lat' dir='ltr'><strong>Nec</strong></span> <span class='ocrx_word' id='word_1_560' title='bbox 2051 4524 2149 4595; x_wconf 91' lang='lat' dir='ltr'><strong>aliud</strong></span> <span class='ocrx_word' id='word_1_561' title='bbox 2164 4539 2218 4597; x_wconf 90' lang='lat' dir='ltr'><strong>est</strong></span> <span class='ocrx_word' id='word_1_562' title='bbox 2233 4528 2293 4596; x_wconf 83' lang='lat' dir='ltr'><strong>vel</strong></span> <span class='ocrx_word' id='word_1_563' title='bbox 2311 4526 2407 4599; x_wconf 85' lang='lat' dir='ltr'><strong>Cice·</strong></span> 
     </span>
     <span class='ocr_line' id='line_1_91' title="bbox 1414 4623 2406 4722; baseline 0.012 -32"><span class='ocrx_word' id='word_1_564' title='bbox 1414 4623 1497 4691; x_wconf 89' lang='lat' dir='ltr'><strong>roni</strong></span> <span class='ocrx_word' id='word_1_565' title='bbox 1526 4623 1774 4710; x_wconf 89' lang='lat' dir='ltr'><strong>ratiocinatio,</strong></span> <span class='ocrx_word' id='word_1_566' title='bbox 1813 4628 1871 4695; x_wconf 88' lang='lat' dir='ltr'><strong>vel</strong></span> <span class='ocrx_word' id='word_1_567' title='bbox 1903 4626 2128 4719; x_wconf 89' lang='lat' dir='ltr'><strong>Quintiliano</strong></span> <span class='ocrx_word' id='word_1_568' title='bbox 2153 4625 2406 4722; x_wconf 86' lang='lat' dir='ltr'><strong>Epicberema‚</strong></span> 
     </span>
     <span class='ocr_line' id='line_1_92' title="bbox 1414 4727 2404 4823; baseline 0.01 -29"><span class='ocrx_word' id='word_1_569' title='bbox 1414 4748 1522 4818; x_wconf 92' lang='lat' dir='ltr'><strong>quam</strong></span> <span class='ocrx_word' id='word_1_570' title='bbox 1555 4728 1652 4819; x_wconf 95' lang='lat' dir='ltr'><strong>quod</strong></span> <span class='ocrx_word' id='word_1_571' title='bbox 1682 4727 1873 4799; x_wconf 90' lang='lat' dir='ltr'><strong>dialecticis</strong></span> <span class='ocrx_word' id='word_1_572' title='bbox 1901 4729 2137 4823; x_wconf 87' lang='lat' dir='ltr'><strong>syllogismus.</strong></span> <span class='ocrx_word' id='word_1_573' title='bbox 2204 4732 2265 4803; x_wconf 90' lang='lat' dir='ltr'><strong>Sic</strong></span> <span class='ocrx_word' id='word_1_574' title='bbox 2292 4735 2404 4804; x_wconf 85' lang='lat' dir='ltr'><strong>Marci</strong></span> 
     </span>
     <span class='ocr_line' id='line_1_93' title="bbox 1414 4826 2403 4926; baseline 0.009 -28"><span class='ocrx_word' id='word_1_575' title='bbox 1414 4826 1596 4898; x_wconf 87' lang='lat' dir='ltr'><strong>Ciceronis</strong></span> <span class='ocrx_word' id='word_1_576' title='bbox 1619 4828 1931 4901; x_wconf 88' lang='lat' dir='ltr'><strong>ratiocinationem</strong></span> <span class='ocrx_word' id='word_1_577' title='bbox 1963 4832 2102 4904; x_wconf 90' lang='lat' dir='ltr'><strong>omissis</strong></span> <span class='ocrx_word' id='word_1_578' title='bbox 2128 4836 2403 4926; x_wconf 87' lang='lat' dir='ltr'><strong>probationibus</strong></span> 
     </span>
     <span class='ocr_line' id='line_1_94' title="bbox 1413 4930 2403 5033; baseline 0.013 -36"><span class='ocrx_word' id='word_1_579' title='bbox 1413 4930 1453 4997; x_wconf 93' lang='lat' dir='ltr'><strong>in</strong></span> <span class='ocrx_word' id='word_1_580' title='bbox 1477 4930 1722 5021; x_wconf 90' lang='lat' dir='ltr'><strong>syllogismum</strong></span> <span class='ocrx_word' id='word_1_581' title='bbox 1747 4934 1972 5003; x_wconf 89' lang='lat' dir='ltr'><strong>dialecticum</strong></span> <span class='ocrx_word' id='word_1_582' title='bbox 1997 4937 2155 5027; x_wconf 89' lang='lat' dir='ltr'><strong>rediges:</strong></span> <span class='ocrx_word' id='word_1_583' title='bbox 2182 4938 2298 5031; x_wconf 85' lang='lat' dir='ltr'><strong>Quod</strong></span> <span class='ocrx_word' id='word_1_584' title='bbox 2316 4941 2403 5033; x_wconf 92' lang='lat' dir='ltr'><strong>opti·</strong></span> 
     </span>
     <span class='ocr_line' id='line_1_95' title="bbox 1413 5034 2403 5119; baseline 0.01 -19"><span class='ocrx_word' id='word_1_585' title='bbox 1413 5056 1471 5101; x_wconf 92' lang='lat' dir='ltr'><strong>me</strong></span> <span class='ocrx_word' id='word_1_586' title='bbox 1493 5034 1787 5119; x_wconf 85' lang='lat' dir='ltr'><strong>administratur,</strong></span> <span class='ocrx_word' id='word_1_587' title='bbox 1821 5036 1969 5107; x_wconf 91' lang='lat' dir='ltr'><strong>consilio</strong></span> <span class='ocrx_word' id='word_1_588' title='bbox 1988 5040 2278 5113; x_wconf 87' lang='lat' dir='ltr'><strong>administratur.</strong></span> <span class='ocrx_word' id='word_1_589' title='bbox 2332 5043 2403 5112; x_wconf 80' lang='lat' dir='ltr'><strong>lda-</strong></span> 
     </span>
     <span class='ocr_line' id='line_1_96' title="bbox 1413 5134 2402 5232; baseline 0.013 -30"><span class='ocrx_word' id='word_1_590' title='bbox 1413 5134 1489 5218; x_wconf 90' lang='lat' dir='ltr'><strong>ior,</strong></span> <span class='ocrx_word' id='word_1_591' title='bbox 1514 5135 1733 5229; x_wconf 88' lang='lat' dir='ltr'><strong>Propositio.</strong></span> <span class='ocrx_word' id='word_1_592' title='bbox 1764 5138 1941 5210; x_wconf 42' lang='lat' dir='ltr'><strong>sMundus</strong></span> <span class='ocrx_word' id='word_1_593' title='bbox 1958 5143 2094 5232; x_wconf 92' lang='lat' dir='ltr'><strong>optime</strong></span> <span class='ocrx_word' id='word_1_594' title='bbox 2117 5144 2402 5217; x_wconf 88' lang='lat' dir='ltr'><strong>administratur.</strong></span> 
     </span>
     <span class='ocr_line' id='line_1_97' title="bbox 1413 5237 2401 5333; baseline 0.012 -27"><span class='ocrx_word' id='word_1_595' title='bbox 1413 5237 1555 5324; x_wconf 89' lang='lat' dir='ltr'><strong>Minor,</strong></span> <span class='ocrx_word' id='word_1_596' title='bbox 1579 5241 1807 5332; x_wconf 86' lang='lat' dir='ltr'><strong>Adsumptio.</strong></span> <span class='ocrx_word' id='word_1_597' title='bbox 1862 5241 1960 5333; x_wconf 83' lang='lat' dir='ltr'><strong>Ergo</strong></span> <span class='ocrx_word' id='word_1_598' title='bbox 1984 5246 2141 5316; x_wconf 88' lang='lat' dir='ltr'><strong>muudus</strong></span> <span class='ocrx_word' id='word_1_599' title='bbox 2162 5249 2326 5320; x_wconf 88' lang='lat' dir='ltr'><strong>consilio</strong></span> <span class='ocrx_word' id='word_1_600' title='bbox 2349 5250 2401 5318; x_wconf 82' lang='lat' dir='ltr'><strong>ad</strong></span> 
     </span>
     <span class='ocr_line' id='line_1_98' title="bbox 1413 5340 2400 5445; baseline 0.011 -35"><span class='ocrx_word' id='word_1_601' title='bbox 1413 5340 1649 5413; x_wconf 90' lang='lat' dir='ltr'><strong>ministratur.</strong></span> <span class='ocrx_word' id='word_1_602' title='bbox 1682 5344 1894 5429; x_wconf 89' lang='lat' dir='ltr'><strong>Conclusio,</strong></span> <span class='ocrx_word' id='word_1_603' title='bbox 1918 5344 2141 5438; x_wconf 84' lang='lat' dir='ltr'><strong>Complexio.</strong></span> <span class='ocrx_word' id='word_1_604' title='bbox 2172 5352 2302 5445; x_wconf 81' lang='lat' dir='ltr'><strong>Atque</strong></span> <span class='ocrx_word' id='word_1_605' title='bbox 2316 5350 2400 5424; x_wconf 86' lang='lat' dir='ltr'><strong>bunc</strong></span> 
     </span>
     <span class='ocr_line' id='line_1_99' title="bbox 1413 5444 2397 5548; baseline 0.006 -33"><span class='ocrx_word' id='word_1_606' title='bbox 1413 5444 1657 5538; x_wconf 87' lang='lat' dir='ltr'><strong>syllogismum</strong></span> <span class='ocrx_word' id='word_1_607' title='bbox 1673 5447 1791 5533; x_wconf 90' lang='lat' dir='ltr'><strong>vides,</strong></span> <span class='ocrx_word' id='word_1_608' title='bbox 1817 5471 1927 5543; x_wconf 88' lang='lat' dir='ltr'><strong>quam</strong></span> <span class='ocrx_word' id='word_1_609' title='bbox 1945 5449 2109 5541; x_wconf 87' lang='lat' dir='ltr'><strong>copiose,</strong></span> <span class='ocrx_word' id='word_1_610' title='bbox 2135 5475 2249 5545; x_wconf 86' lang='lat' dir='ltr'><strong>quam</strong></span> <span class='ocrx_word' id='word_1_611' title='bbox 2269 5458 2397 5548; x_wconf 76' lang='lat' dir='ltr'><strong>elegen</strong></span> 
     </span>
    </p>
   </div>
   <div class='ocr_carea' id='block_1_8' title="bbox 1404 5549 2398 5637">
    <p class='ocr_par' dir='ltr' id='par_1_8' title="bbox 1404 5549 2398 5637">
     <span class='ocr_line' id='line_1_100' title="bbox 1404 5549 2398 5637; baseline 0.011 -22"><span class='ocrx_word' id='word_1_612' title='bbox 1404 5560 1468 5616; x_wconf 91' lang='lat' dir='ltr'><strong>ter</strong></span> <span class='ocrx_word' id='word_1_613' title='bbox 1490 5549 1620 5617; x_wconf 85' lang='lat' dir='ltr'><strong>dixerit</strong></span> <span class='ocrx_word' id='word_1_614' title='bbox 1633 5549 1770 5622; x_wconf 89' lang='lat' dir='ltr'><strong>Cicero.</strong></span> <span class='ocrx_word' id='word_1_615' title='bbox 1822 5551 1896 5623; x_wconf 90' lang='lat' dir='ltr'><strong>Nec</strong></span> <span class='ocrx_word' id='word_1_616' title='bbox 1919 5552 2044 5623; x_wconf 90' lang='lat' dir='ltr'><strong>inutile</strong></span> <span class='ocrx_word' id='word_1_617' title='bbox 2064 5554 2192 5637; x_wconf 87' lang='lat' dir='ltr'><strong>luerit,</strong></span> <span class='ocrx_word' id='word_1_618' title='bbox 2219 5554 2398 5630; x_wconf 81' lang='lat' dir='ltr'><strong>Ciceronis</strong></span> 
     </span>
    </p>
   </div>
   <div class='ocr_carea' id='block_1_9' title="bbox 1413 5652 2408 5853">
    <p class='ocr_par' dir='ltr' id='par_1_9' title="bbox 1413 5652 2408 5853">
     <span class='ocr_line' id='line_1_101' title="bbox 1414 5652 2404 5756; baseline 0.01 -38"><span class='ocrx_word' id='word_1_619' title='bbox 1414 5652 1614 5742; x_wconf 87' lang='lat' dir='ltr'><strong>exemplum</strong></span> <span class='ocrx_word' id='word_1_620' title='bbox 1638 5654 1741 5746; x_wconf 91' lang='lat' dir='ltr'><strong>sequi</strong></span> <span class='ocrx_word' id='word_1_621' title='bbox 1762 5654 1800 5721; x_wconf 91' lang='lat' dir='ltr'><strong>in</strong></span> <span class='ocrx_word' id='word_1_622' title='bbox 1823 5655 2044 5746; x_wconf 88' lang='lat' dir='ltr'><strong>expoliendis</strong></span> <span class='ocrx_word' id='word_1_623' title='bbox 2065 5658 2322 5756; x_wconf 82' lang='lat' dir='ltr'><strong>ornandisque</strong></span> <span class='ocrx_word' id='word_1_624' title='bbox 2343 5659 2404 5755; x_wconf 83' lang='lat' dir='ltr'><strong>syl-</strong></span> 
     </span>
     <span class='ocr_line' id='line_1_102' title="bbox 1413 5752 2408 5853; baseline 0.011 -32"><span class='ocrx_word' id='word_1_625' title='bbox 1413 5752 1591 5844; x_wconf 89' lang='lat' dir='ltr'><strong>logismis,</strong></span> <span class='ocrx_word' id='word_1_626' title='bbox 1622 5753 1719 5826; x_wconf 92' lang='lat' dir='ltr'><strong>iuxta</strong></span> <span class='ocrx_word' id='word_1_627' title='bbox 1741 5752 1927 5829; x_wconf 89' lang='lat' dir='ltr'><strong>rhetorum</strong></span> <span class='ocrx_word' id='word_1_628' title='bbox 1953 5772 2153 5853; x_wconf 80' lang='lat' dir='ltr'><strong>praecepta.</strong></span> <span class='ocrx_word' id='word_1_629' title='bbox 2214 5761 2341 5852; x_wconf 88' lang='lat' dir='ltr'><strong>Nam,</strong></span> <span class='ocrx_word' id='word_1_630' title='bbox 2371 5773 2408 5835; x_wconf 92' lang='lat' dir='ltr'><strong>ut</strong></span> 
     </span>
    </p>
   </div>
   <div class='ocr_carea' id='block_1_10' title="bbox 0 0 2772 6697">
    <p class='ocr_par' dir='ltr' id='par_1_10' title="bbox 0 0 2772 6697">
     <span class='ocr_line' id='line_1_103' title="bbox 0 0 2772 6697; baseline 0 0"><span class='ocrx_word' id='word_1_631' title='bbox 0 0 2772 6697; x_wconf 95' lang='lat' dir='ltr'><strong> </strong></span> 
     </span>
    </p>
   </div>
  </div>
 </body>
</html>
