5534 6700
370 619 441 694 ast

367 789 779 887 nuganturhristotelici
802 791 846 856 de
872 787 1041 868 infinitis,
1075 796 1211 854 utnon
1233 779 1358 867 homo,

363 882 442 966 ⁸tam
461 897 593 967 insulsa
615 902 716 972 sunt,
741 903 782 960 ut
808 902 843 959 et
865 885 923 959 hic
946 887 1150 958 meminisse
1172 885 1357 981 pigeant).

369 1000 460 1092 Quis
477 1010 528 1067 est
545 996 639 1064 enim
656 992 900 1076 infinitorum,
924 993 962 1060 iu
980 989 1162 1060 communi
1179 1013 1358 1071 sermone,

367 1103 405 1168 in
423 1095 723 1189 disputationibus
747 1107 1041 1184 argumentorum
1064 1091 1222 1160 civilium
1248 1088 1358 1161 usus?

366 1200 557 1269 Dialectica
578 1198 673 1267 enim
689 1210 866 1290 quatenus
880 1196 1042 1267 serviunt
1057 1193 1277 1274 inventioni,
1304 1193 1358 1261 iu-

366 1303 459 1371 dicio
495 1315 530 1370 et
564 1300 811 1389 dispositioni,
859 1297 1146 1389 praescribimus.
1224 1295 1357 1384 Nugas,

367 1429 459 1497 quae
491 1427 511 1470 a
541 1402 637 1470 civili
666 1426 771 1471 sensu
793 1414 953 1469 remotae
979 1411 1081 1480 sunt,
1115 1397 1358 1490 relinquemus

366 1507 431 1588 iis,
475 1503 638 1599 quinon
667 1504 765 1572 aliud
797 1527 815 1570 a
842 1503 1034 1572 dialecticis
1065 1512 1211 1591 petunt,
1248 1505 1371 1593 quam

367 1607 529 1689 rixandi,
556 1605 768 1689 cavillandi,
794 1605 1025 1697 nugandique
1045 1602 1241 1670 materiem.

491 1792 553 1860 De
581 1789 884 1882 pronuntiato
911 1786 1228 1882 hypothetico.

470 1928 650 1996 Hactenus
673 1928 717 1992 de
740 1925 974 2015 pronuntiato
996 1926 1088 2007 dixi,
1128 1948 1242 2017 eoque
1273 1922 1357 1992 sirn-

366 2031 471 2126 plici,
507 2031 603 2122 quod
628 2027 749 2095 definii
770 2027 972 2096 orationem
994 2053 1124 2109 urmm,
1167 2027 1356 2115 integram,

279 2146 282 2152 ’
368 2133 590 2214 absolutam,
623 2142 658 2197 et
678 2129 922 2199 indicativam.
975 2131 1124 2199 Addunt
1145 2127 1356 2219 pronuntia7

367 2240 413 2306 tis
436 2248 471 2305 et
492 2227 740 2326 hypotheticas
762 2233 944 2301 orationes
965 2231 1150 2300 dialectici.
1219 2229 1355 2323 Verum

367 2333 458 2407 mihi
484 2337 598 2405 visbm
622 2347 692 2416 est,
725 2358 848 2402 earum
874 2334 1050 2401 rationem
1077 2330 1356 2418 argumentatio·

367 2441 473 2508 nibus
495 2438 687 2519 subiicere,
712 2435 842 2528 quibus
864 2461 944 2505 cum
968 2431 1259 2528 hypotheticisae)
1281 2458 1356 2502 nou

366 2543 487 2632 inepte
521 2538 700 2610 convenit.
775 2538 900 2632 Neque
926 2562 1013 2609 vero
1039 2537 1205 2629 cognosci
1236 2549 1356 2617 exacte
1433 2554 1473 2575 ’Δ

362 2656 538 2735 possunt,
578 2641 647 2711 nisi
675 2640 870 2733 syllogismi
901 2653 1028 2713 natura
1061 2640 1224 2730 cognita.
1259 2635 1354 2707 vlam

367 2771 449 2816 cum
462 2739 715 2838 hypotheticae
731 2743 803 2813 sint
817 2767 859 2817 ex
870 2743 1103 2834 ,simplicibus
1123 2740 1244 2813 multis
1257 2765 1357 2826 ,eput-

362 2860 505 2941 textae,
531 2846 702 2921 iudicium
730 2869 873 2938 quoque
896 2869 1020 2915 earum
1041 2859 1095 2919 est
1115 2869 1133 2913 e
1158 2844 1356 2937 superiori·

340 2986 342 2990 ·
367 2951 439 3022 bus
454 2950 661 3040 petendum.

419 3096 927 3208 lle'argumentatione,
958 3100 1306 3219 Lib'e'r'ter‘tius.

469 3248 524 3320 Ex
554 3249 650 3319 nulla
675 3261 776 3340 parte
800 3249 998 3321 dialectices
1028 3252 1107 3343 plus
1134 3254 1269 3325 fructus
1292 3267 1357 3338 est,

363 3380 477 3451 ,quam
493 3375 536 3424 ex
552 3377 613 3436 ea,
637 3378 745 3445 quam
762 3346 831 3421 hoc
844 3354 937 3423 libro
956 3354 1199 3441 absolvemus,
1225 3357 1273 3433 in.
1284 3383 1355 3451 quo

366 3457 539 3529 formulas
554 3469 847 3546 argumentorum
863 3458 1105 3528 tractabimus.
1155 3459 1246 3551 Quis
1260 3460 1355 3530 enim

366 3559 583 3650 simplicium
607 3582 754 3640 vocum,
784 3558 863 3651 quis
889 3558 1108 3630 axiomatum
1132 3587 1215 3632 usus
1237 3563 1356 3647 fuerit,

357 3662 438 3734 ,nisi
466 3659 584 3730 exeis
620 3672 855 3730 contexantur
891 3661 1128 3753 argumenta?
1192 3664 1354 3735 Primum

368 3786 474 3853 ergo,
507 3784 599 3853 quae
620 3763 747 3829 debeat
768 3787 841 3832 esse
867 3766 1068 3853 argumenti
1093 3767 1262 3860 cuiusque
1284 3769 1356 3838 ior·

367 3890 448 3947 ma,
474 3862 725 3933 describemus.
776 3864 860 3934 Nou
879 3861 948 3934 boc
963 3868 1120 3957 agimus,
1146 3873 1241 3942 unde
1256 3883 1356 3963 petas

368 3964 643 4057 argumentandi
672 3966 879 4049 materiem,
918 3970 980 4035 sed
1009 3970 1125 4062 qualis
1153 3973 1355 4062 argumenti

365 4070 483 4139 forma
497 4090 571 4137 esse
587 4068 735 4149 debeat,
767 4067 1010 4166 docemusfl),
1043 4084 1149 4165 atque
1172 4078 1282 4161 adeo,
1315 4089 1356 4147 ut

366 4174 410 4241 de
428 4169 559 4264 quovis
571 4182 783 4260 argumento
801 4171 959 4240 iudicare
977 4174 1109 4264 possis,
1141 4189 1222 4267 apte
1236 4203 1280 4248 ne
1296 4204 1354 4249 co·

365 4269 576 4344 baereatan
600 4297 686 4343 non.
744 4272 871 4367 Neque
896 4275 991 4343 enim
1015 4288 1148 4348 temere
1175 4304 1353 4373 quaecun-

365 4400 435 4469 que
466 4375 785 4467 pronuntiatorum
816 4378 998 4466 congeries
1021 4381 1265 4472 syllogismum
1291 4398 1354 4456 aut

365 4474 594 4570 enthymema
614 4478 774 4562 conticit,
799 4481 860 4549 sed
876 4480 1005 4551 tinibus
1020 4484 1232 4575 quibusdam
1256 4511 1352 4558 com-

363 4577 636 4670 prehenduntur
668 4580 866 4664 axiomata,
915 4608 934 4651 e
966 4585 1095 4677 quibus
1126 4589 1352 4682 syllogismus

364 4681 552 4751 conflatur.
618 4683 736 4776 Atque
757 4678 795 4751 hi
821 4684 859 4752 in
883 4680 952 4755 boc
976 4687 1232 4783 circumscripti
1257 4707 1351 4777 sunt,
1402 4729 1627 4807 nuncupant;
1677 4742 1757 4787 eum

362 4795 405 4853 ut
418 4784 466 4853 sit
482 4796 600 4867 certa,
627 4786 843 4879 evidensque
863 4790 1057 4875 sententia,
1085 4819 1191 4887 quam

363 4897 425 4955 aut
457 4885 660 4982 resellis⁸⁸).
724 4888 853 4960 Nullae
883 4887 1085 4963 Rhetorum
1119 4899 1211 4986 prob

363 4998 479 5056 certae
506 4989 713 5084 solidaeque
744 5005 848 5076 sunt,
886 4994 956 5065 nisi
979 4996 1022 5067 iis
1045 4998 1209 5072 formulis

361 5086 609 5175 subiiciemus,
648 5094 891 5164 circumscribi
926 5112 1071 5191 queant.
1144 5104 1253 5196 Quod

360 5214 437 5261 nou
457 5188 572 5274 videt,
597 5193 705 5265 totius
727 5196 927 5271 dialectices
949 5201 1066 5273 fructu
1089 5229 1164 5276 sese

393 5425 444 5483 88)
461 5424 564 5474 Annot.
582 5435 687 5490 merga
721 5428 764 5478 De
786 5429 896 5482 nonina
917 5434 1025 5487 intuito

427 5493 642 5546 antuctnsotur.

392 5578 441 5645 86)
460 5582 562 5634 annot.
580 5592 685 5645 marg:
710 5582 752 5631 De
768 5584 951 5647 hypotheticis
969 5590 1052 5642 tntrs.

391 5665 442 5724 87)
459 5668 560 5716 annot.
580 5679 684 5732 marg:
704 5668 755 5718 tlte
767 5670 801 5719 de
813 5671 919 5732 forme,
938 5688 991 5724 non
1010 5677 1044 5725 de
1063 5680 1178 5731 nebris
1195 5694 1345 5746 argonen-

426 5737 515 5785 torou
533 5736 634 5801 agitor.
653 5739 696 5803 (tn
714 5740 765 5792 ua.
778 5740 804 5789 t.
824 5737 931 5805 „non”
949 5743 978 5791 tn¹
995 5746 1046 5794 trec
1061 5751 1156 5799 annot.
1174 5751 1287 5813 deest).

389 5817 441 5879 88)
458 5821 560 5877 Annot.
577 5832 681 5887 nug-t
705 5823 826 5873 Fructus
844 5823 930 5875 totins
948 5825 1119 5884 dialectices.

887 612 1010 686 Plllb.
1037 610 1150 683 MEL.
1177 609 1381 682 SCRIPTA
1405 610 1539 682 vanu
1563 611 1883 686 ceonberth-t·

2327 617 2412 695 7³2

1410 783 1509 854 sciat.
1568 783 1609 854 lu
1635 786 1764 856 caussis
1786 783 1995 868 rhetorum,
2030 798 2104 854 tam
2126 785 2258 869 sacris,
2294 813 2412 881 quam

1410 882 1628 978 prophanis,
1663 888 1826 957 retulerit
1848 888 1898 959 sic
1924 888 2080 956 exerceri
2109 888 2335 959 iuventutem
2346 891 2411 987 ⁸⁰),

1409 1000 1450 1058 ut
1478 989 1621 1058 iuterim
1652 989 1778 1060 breves
1802 990 2013 1072 sententias,
2053 991 2229 1080 liguresve
2256 992 2411 1084 integris

1409 1090 1621 1182 syllogismis
1639 1105 1838 1182 exponant,
1862 1092 2006 1161 interim
2025 1093 2181 1183 prolixas
2203 1097 2410 1187 contentio·

1410 1216 1472 1262 nes
1489 1194 1595 1264 arctis
1619 1194 1794 1287 certisque
1810 1195 2101 1288 syllogismorum
2124 1196 2300 1269 iuncturis
2325 1200 2410 1269 viu·

1410 1295 1507 1364 ciant
1526 1308 1562 1364 et
1585 1296 1819 1388 adstringant.
1877 1297 1961 1389 Quo
1984 1322 2114 1387 genere
2137 1301 2407 1375 exercitationis

1409 1396 1511 1466 lacile
1542 1411 1577 1467 et
1610 1399 1721 1469 totius
1753 1397 1928 1469 orationis
1944 1398 2103 1483 nervos,
2138 1415 2175 1469 et
2199 1407 2405 1493 argumenti

1410 1499 1574 1568 ordinem
1589 1513 1697 1594 atque
1713 1501 1987 1594 dispositionem
1998 1503 2108 1572 fuerit
2122 1508 2275 1597 assequi.
2291 1546 2307 1563 -ι

1511 1617 1620 1710 Sequi
1641 1620 1744 1690 nobis
1766 1620 1852 1689 libet
1875 1617 2079 1717 scholarum
2105 1625 2401 1693 consuetudinem

1409 1718 1447 1785 iu
1478 1722 1709 1792 numerandis
1737 1723 2032 1811 argumentorum
2063 1726 2323 1817 paradigmatis
2342 1751 2405 1797 seu

1408 1822 1553 1906 formis,
1578 1847 1624 1892 ne
1645 1814 1851 1915 prodigiosa
1870 1827 2034 1895 novitate
2058 1840 2132 1894 rent
2148 1850 2214 1918 per
2228 1848 2406 1899 sese=ssou

1408 1926 1604 1994 admodum
1636 1927 1814 1995 difficilem
1846 1929 2105 1999 obscuremus.¹
2140 1929 2259 1998 esunt·
2281 1945 2404 2001 autem

1408 2026 1544 2095 formae
1559 2040 1852 2120 argumentorum
1868 2043 2054 2122 quatuors
2070 2023 2314 2124 syllogismus,
2328 2030 2407 2102 Ena

1407 2124 1610 2221 thymema,
1642 2127 1827 2214 Inductio,
1860 2131 2085 2222 Exemplum·
2139 2135 2209 2231 llis¹
2222 2124 2404 2207 addentur

1409 2230 1478 2299 alia
1498 2235 1697 2326 quaedam,
1723 2245 1766 2328 ut
1782 2234 1873 2302 inira
1891 2254 2038 2304 cernes.

1491 2416 1557 2487 De
1589 2421 1867 2513 syllogismo
1904 2421 2167 2512 categorico
2196 2423 2311 2493 sim-

1764 2523 2009 2616 'plicique
2059 2563 2062 2571 ·

1423 2742 1426 2747 Ι
1463 2672 1466 2678 ’
1509 2652 1768 2728 Perfectis'sima
1796 2646 2108 2749 ,argumentorum
2139 2662 2257 2730 fo'rma
2292 2663 2405 2757 syllo-

1408 2757 1541 2848 gismus
1564 2758 1923 2857 est,'q1iem'Cicero
1946 2762 2258 2834 ratiocinationem
2281 2779 2404 2848 vocat,

1406 2863 1744 2956 frequentatumq'ue
1767 2862 1890 2934 scribit
1913 2888 1933 2933 a
1958 2864 2201 2956 Peripateticis
2228 2866 2406 2949 maxime,

1408 2965 1537 3032 deinde
1563 2989 1581 3031 a
1603 2961 1808 3037 rhetoribus
1829 2968 1896 3051 iis,
1927 2967 1988 3063 qui
2011 2969 2262 3057 elegantissimi
2286 2982 2406 3061 atque

1409 3066 1689 3138 artificiosissimi
1706 3069 1820 3160 putati
1838 3081 1930 3140 sunt.
1974 3068 2037 3139 Est
2052 3083 2169 3138 autem
2185 3069 2327 3151 oratio,
2360 3072 2405 3138 in

1408 3192 1479 3262 qua
1498 3193 1539 3237 ex
1557 3171 1696 3240 duobus
1720 3171 1983 3262 pronuntiatis,
2012 3171 2209 3241 necessario
2236 3172 2406 3262 comple-

1408 3269 1467 3339 xio
1499 3268 1618 3367 aliqua
1651 3298 1714 3344 seu
1740 3274 1921 3345 conclusio
1954 3274 2193 3370 consequitur.
2270 3272 2404 3347 Partes

1408 3373 1458 3445 sic
1483 3390 1707 3469 exequuntur
1728 3378 1966 3463 aristotelici,
2004 3392 2045 3448 ut
2066 3377 2220 3474 dicant,¹
2236 3379 2404 3473 syllogis-

1408 3501 1507 3546 mum
1524 3479 1663 3550 contexi
1679 3504 1720 3551 ex
1734 3483 1847 3553 tribus
1862 3479 2024 3553 terminis
2037 3507 2101 3553 seu
2115 3481 2298 3554 vocabulis
2312 3485 2402 3553 sim·

1408 3579 1577 3671 plicibus,
1608 3607 1700 3677 quae
1724 3588 1796 3655 duo
1821 3587 2054 3678 pronuntiata
2073 3586 2284 3657 conficiunt:
2322 3610 2400 3657 esse

1407 3682 1516 3774 igitur
1537 3684 1733 3779 syllogismi
1758 3702 1877 3780 partes
1905 3702 1976 3762 tres
2002 3687 2194 3773 terminos,
2234 3691 2397 3782 duasque

1407 3787 1690 3878 propositiones,
1716 3802 1776 3875 ut,
1802 3791 1908 3884 Quod
1936 3792 2135 3886 appetitur,
2170 3789 2300 3862 bbr'ium
2326 3804 2394 3872 est,

1406 3885 1580 3982 Voluptas
1601 3896 1798 3985 appetitur,
1824 3893 1927 3965 Bona
1949 3897 2058 3989 igitur
2081 3908 2143 3967 est.
2196 3895 2289 3964 llaec
2311 3917 2396 3963 ora-

1405 3990 1457 4060 tio
1478 3994 1701 4086 syllogismus
1725 4008 1795 4080 est,
1821 3994 1997 4095 habetque
2023 4000 2195 4069 vocabula
2219 3996 2400 4090 simplicia

1406 4094 1493 4164 tria:
1547 4097 1654 4189 Quod
1677 4100 1876 4191 appetitur,
1909 4102 2066 4185 bonum,
2101 4103 2400 4195 etxvoluptatem,

1406 4209 1441 4265 et
1462 4198 1640 4268 axiomata
1668 4204 1757 4271 dno:
1802 4205 1908 4296 erod
1930 4207 2129 4298 appetitur,
2162 4209 2302 4277 bonum
2334 4221 2398 4291 cst,
2425 4231 2436 4246 ·

1405 4311 1441 4369 et
1456 4301 1674 4394 voluptatem
1694 4308 1832 4396 appeti,
1867 4332 1910 4377 ex
1932 4312 2060 4403 quibus
2081 4310 2283 4382 necessario
2312 4336 2398 4381 con-

1404 4403 1564 4496 sequitur
1580 4408 1779 4494 conclusio,
1803 4411 1939 4480 bonum
1958 4438 2031 4483 esse
2047 4414 2283 4504 voluptatem.
2319 4411 2395 4483 lam

1404 4507 1577 4577 terminos
1591 4510 1641 4579 sic
1657 4524 1803 4583 vocant:
1829 4539 1924 4598 eum,
1941 4516 2071 4611 quibis
2088 4530 2299 4607 usurpatur,
2328 4512 2396 4585 hoc

1404 4621 1475 4692 est,
1510 4611 1548 4679 in
1571 4614 1691 4705 priore
1717 4618 1969 4708 etposteriore
1992 4621 2189 4701 axiomate,
2230 4620 2392 4688 medium

1770 4773 1781 4803 ,
1824 4720 1886 4814 qui
1916 4722 1954 4789 in
1984 4723 2105 4814 priore
2141 4724 2392 4813 propositione

1219 4800 1351 4887 Pfflbas
1402 4826 1541 4886 tantum
1562 4834 1774 4912 usurpatur,
1810 4823 1984 4893 maiorem
2009 4839 2238 4919 nuncupant;
2275 4830 2392 4899 mino·

1213 4900 1351 4971 3ῑὶῡῦθὸ
1402 4940 1498 5003 rem,
1525 4945 1625 5006 eum,
1652 4924 1713 5017 qui
1729 4925 1765 4992 in
1781 4928 1977 5016 posteriore
2001 4944 2207 5021 usurpatur.
2268 4932 2392 5025 Quare

1217 5054 1228 5085 2
1262 5028 1350 5097 quis
1401 5019 1439 5089 in
1460 5024 1687 5116 syllogismo,

1726 5052 1832 5121 quem
1859 5032 2168 5122 praescripsimus,
2207 5033 2331 5127 appeti
2344 5034 2392 5128 ⁸⁹)

1287 5107 1350 5226 qu}
1401 5122 1560 5196 Medium
1577 5143 1648 5210 est;
1673 5127 1803 5214 Maior,
1819 5132 1972 5217 bouum;
2000 5135 2134 5221 Minor,
2154 5137 2392 5236 voluptas⁴¹).

1183 5208 1350 5280 stsssfflffl
1399 5224 1446 5296 Et
1467 5230 1549 5300 vide
1572 5248 1751 5315 accurate,
1791 5259 1836 5304 ne
1859 5236 1977 5329 plures
2006 5239 2118 5310 tribus
2151 5243 2332 5315 terminos
2356 5244 2390 5313 in

1398 5331 1641 5423 syllogismum
1666 5338 1844 5411 admittas.
1905 5340 2034 5433 Magna
2061 5342 2155 5411 euim
2181 5370 2269 5435 pars
2293 5348 2390 5417 falla·

1033 5470 1043 5503 ,
1070 5436 1100 5489 tu
1123 5452 1178 5503 quo
1202 5445 1231 5493 es
1247 5445 1347 5499 erasa
1398 5433 1553 5528 ciarum,
1579 5452 1614 5508 et
1637 5437 1919 5533 sophisticarum*
1938 5444 2299 5538 argumentationum
2325 5448 2388 5523 hoc

1428 5666 1475 5732 88)
1493 5667 1594 5720 bunut.
1613 5682 1717 5739 marg-t
1741 5675 1901 5729 Consilium.

1428 5752 1478 5818 40)
1496 5753 1602 5822 appeti]
1621 5759 1670 5808 Ed.
1688 5760 1714 5813 2.
1734 5774 1832 5813 errore
1849 5767 1926 5828 tyn:
1950 5768 2065 5830 aspecta

1427 5840 1476 5898 st)
1494 5839 1634 5909 voluptas]
1653 5846 1704 5897 Ed.
1717 5846 1743 5897 2.
1761 5860 1860 5899 erroro
1879 5854 1954 5914 type
1971 5853 2104 5905 vorantes
2123 5856 2302 5920 (voluntas).
