<?xml version="1.0" encoding="UTF-8"?>
<!DOCTYPE html PUBLIC "-//W3C//DTD XHTML 1.0 Transitional//EN"
    "http://www.w3.org/TR/xhtml1/DTD/xhtml1-transitional.dtd">
<html xmlns="http://www.w3.org/1999/xhtml" xml:lang="en" lang="en">
 <head>
  <title>
</title>
<meta http-equiv="Content-Type" content="text/html;charset=utf-8" />
  <meta name='ocr-system' content='tesseract 3.04.00' />
  <meta name='ocr-capabilities' content='ocr_page ocr_carea ocr_par ocr_line ocrx_word'/>
</head>
<body>
  <div class='ocr_page' id='page_1' title='image "./philippimelanth22melagoog/philippimelanth22melagoog_0403.png"; bbox 0 0 5534 6700; ppageno 0'>
   <div class='ocr_carea' id='block_1_1' title="bbox 307 673 2396 750">
    <p class='ocr_par' dir='ltr' id='par_1_1' title="bbox 307 673 2396 750">
     <span class='ocr_line' id='line_1_1' title="bbox 307 673 2396 750; baseline -0 -1"><span class='ocrx_word' id='word_1_1' title='bbox 307 723 312 739; x_wconf 48' lang='grc' dir='ltr'><em>ι</em></span> <span class='ocrx_word' id='word_1_2' title='bbox 374 679 448 750; x_wconf 69' lang='grc'>789</span> <span class='ocrx_word' id='word_1_3' title='bbox 1002 673 1359 746; x_wconf 76' lang='lat' dir='ltr'>anDtTAattttt‘ta</span> <span class='ocrx_word' id='word_1_4' title='bbox 1387 675 1465 746; x_wconf 78' lang='lat' dir='ltr'>AD·</span> <span class='ocrx_word' id='word_1_5' title='bbox 1478 674 1625 747; x_wconf 77' lang='lat' dir='ltr'>vorm.</span> <span class='ocrx_word' id='word_1_6' title='bbox 1645 675 1771 748; x_wconf 76' lang='lat' dir='ltr'>i·-&#39;-X.</span> <span class='ocrx_word' id='word_1_7' title='bbox 2318 679 2396 748; x_wconf 81' lang='lat'><strong>790·</strong></span> 
     </span>
    </p>
   </div>
   <div class='ocr_carea' id='block_1_2' title="bbox 329 841 2394 2874">
    <p class='ocr_par' dir='ltr' id='par_1_2' title="bbox 329 841 2394 2874">
     <span class='ocr_line' id='line_1_2' title="bbox 376 841 2392 925; baseline 0 -24"><span class='ocrx_word' id='word_1_8' title='bbox 376 894 381 901; x_wconf 95' lang='lat'>.</span> <span class='ocrx_word' id='word_1_9' title='bbox 500 847 731 907; x_wconf 84' lang='lat' dir='ltr'>Seckendorlius</span> <span class='ocrx_word' id='word_1_10' title='bbox 753 847 788 905; x_wconf 87' lang='lat' dir='ltr'>L.</span> <span class='ocrx_word' id='word_1_11' title='bbox 813 844 842 904; x_wconf 91' lang='lat' dir='ltr'>l.</span> <span class='ocrx_word' id='word_1_12' title='bbox 864 858 1020 904; x_wconf 85' lang='lat' dir='ltr'>comment.</span> <span class='ocrx_word' id='word_1_13' title='bbox 1042 845 1082 903; x_wconf 89' lang='lat' dir='ltr'>de</span> <span class='ocrx_word' id='word_1_14' title='bbox 1103 845 1193 902; x_wconf 71' lang='lat' dir='ltr'>tnta</span> <span class='ocrx_word' id='word_1_15' title='bbox 1216 863 1245 920; x_wconf 85' lang='lat' dir='ltr'>p.</span> <span class='ocrx_word' id='word_1_16' title='bbox 1270 841 1333 903; x_wconf 80' lang='grc'>137</span> <span class='ocrx_word' id='word_1_17' title='bbox 1353 851 1399 920; x_wconf 75' lang='lat' dir='ltr'>sq&#39;·</span> <span class='ocrx_word' id='word_1_18' title='bbox 1420 846 1502 902; x_wconf 79' lang='lat' dir='ltr'>reris</span> <span class='ocrx_word' id='word_1_19' title='bbox 1522 846 1638 905; x_wconf 91' lang='lat' dir='ltr'>dehoc</span> <span class='ocrx_word' id='word_1_20' title='bbox 1659 848 1866 906; x_wconf 84' lang='lat' dir='ltr'>commentario</span> <span class='ocrx_word' id='word_1_21' title='bbox 1894 848 1991 923; x_wconf 87' lang='lat' dir='ltr'>elogia</span> <span class='ocrx_word' id='word_1_22' title='bbox 2011 847 2127 905; x_wconf 80' lang='lat' dir='ltr'><strong>adducit</strong></span> <span class='ocrx_word' id='word_1_23' title='bbox 2148 844 2252 906; x_wconf 80' lang='lat' dir='ltr'>eilias</span> <span class='ocrx_word' id='word_1_24' title='bbox 2273 848 2392 925; x_wconf 77' lang='lat' dir='ltr'>praesa.</span> 
     </span>
     <span class='ocr_line' id='line_1_3' title="bbox 372 928 2394 1011; baseline 0 -18"><span class='ocrx_word' id='word_1_25' title='bbox 372 941 466 998; x_wconf 85' lang='lat' dir='ltr'>tiones</span> <span class='ocrx_word' id='word_1_26' title='bbox 489 935 591 1010; x_wconf 85' lang='lat' dir='ltr'>dignas</span> <span class='ocrx_word' id='word_1_27' title='bbox 612 932 807 1006; x_wconf 85' lang='lat' dir='ltr'>existimavit,</span> <span class='ocrx_word' id='word_1_28' title='bbox 828 949 903 1007; x_wconf 88' lang='lat' dir='ltr'>quae</span> <span class='ocrx_word' id='word_1_29' title='bbox 925 942 1083 988; x_wconf 77' lang='lat' dir='ltr'><strong>renovatae</strong></span> <span class='ocrx_word' id='word_1_30' title='bbox 1105 948 1170 985; x_wconf 88' lang='lat' dir='ltr'>curu</span> <span class='ocrx_word' id='word_1_31' title='bbox 1193 928 1266 986; x_wconf 89' lang='lat' dir='ltr'>libro</span> <span class='ocrx_word' id='word_1_32' title='bbox 1287 946 1340 985; x_wconf 92' lang='lat' dir='ltr'>suo</span> <span class='ocrx_word' id='word_1_33' title='bbox 1362 929 1461 986; x_wconf 89' lang='lat' dir='ltr'>denuo</span> <span class='ocrx_word' id='word_1_34' title='bbox 1483 931 1644 1005; x_wconf 89' lang='lat' dir='ltr'>productae</span> <span class='ocrx_word' id='word_1_35' title='bbox 1665 942 1862 992; x_wconf 80' lang='lat' dir='ltr'>servarentur.</span> <span class='ocrx_word' id='word_1_36' title='bbox 1906 931 2018 989; x_wconf 91' lang='lat' dir='ltr'>Dubius</span> <span class='ocrx_word' id='word_1_37' title='bbox 2040 943 2085 990; x_wconf 90' lang='lat' dir='ltr'>est</span> <span class='ocrx_word' id='word_1_38' title='bbox 2105 945 2222 1011; x_wconf 88' lang='lat' dir='ltr'>autem,</span> <span class='ocrx_word' id='word_1_39' title='bbox 2242 951 2313 992; x_wconf 87' lang='lat' dir='ltr'>num</span> <span class='ocrx_word' id='word_1_40' title='bbox 2323 934 2394 995; x_wconf 59' lang='lat' dir='ltr'>Hes</span> 
     </span>
     <span class='ocr_line' id='line_1_4' title="bbox 373 1012 2392 1097; baseline -0.003 -15"><span class='ocrx_word' id='word_1_41' title='bbox 373 1019 543 1097; x_wconf 73' lang='lat' dir='ltr'>lanclrthoui</span> <span class='ocrx_word' id='word_1_42' title='bbox 564 1017 675 1083; x_wconf 87' lang='lat' dir='ltr'>auctori</span> <span class='ocrx_word' id='word_1_43' title='bbox 698 1015 873 1089; x_wconf 76' lang='lat' dir='ltr'>tribuendae</span> <span class='ocrx_word' id='word_1_44' title='bbox 893 1015 971 1090; x_wconf 87' lang='lat' dir='ltr'>siut,</span> <span class='ocrx_word' id='word_1_45' title='bbox 991 1014 1104 1071; x_wconf 87' lang='lat' dir='ltr'>scilicet</span> <span class='ocrx_word' id='word_1_46' title='bbox 1125 1014 1203 1089; x_wconf 77' lang='lat' dir='ltr'>stylo</span> <span class='ocrx_word' id='word_1_47' title='bbox 1225 1012 1363 1090; x_wconf 90' lang='lat' dir='ltr'>quidem,</span> <span class='ocrx_word' id='word_1_48' title='bbox 1385 1014 1564 1095; x_wconf 25' lang='lat' dir='ltr'>¹ultpridetur</span> <span class='ocrx_word' id='word_1_49' title='bbox 1586 1012 1762 1094; x_wconf 76' lang='lat' dir='ltr'>(rediens),</span> <span class='ocrx_word' id='word_1_50' title='bbox 1782 1014 2036 1090; x_wconf 81' lang='lat' dir='ltr'>Melanchthonis,</span> <span class='ocrx_word' id='word_1_51' title='bbox 2055 1017 2106 1076; x_wconf 87' lang='lat' dir='ltr'>sed</span> <span class='ocrx_word' id='word_1_52' title='bbox 2129 1015 2284 1093; x_wconf 84' lang='lat' dir='ltr'>floridiori,</span> <span class='ocrx_word' id='word_1_53' title='bbox 2305 1037 2392 1095; x_wconf 89' lang='lat' dir='ltr'>quam</span> 
     </span>
     <span class='ocr_line' id='line_1_5' title="bbox 370 1092 2391 1186; baseline 0.001 -24"><span class='ocrx_word' id='word_1_54' title='bbox 370 1098 429 1186; x_wconf 86' lang='lat' dir='ltr'>quo</span> <span class='ocrx_word' id='word_1_55' title='bbox 450 1114 552 1182; x_wconf 89' lang='lat' dir='ltr'>postea</span> <span class='ocrx_word' id='word_1_56' title='bbox 576 1102 618 1159; x_wconf 93' lang='lat' dir='ltr'>uti</span> <span class='ocrx_word' id='word_1_57' title='bbox 632 1092 763 1158; x_wconf 79' lang='lat' dir='ltr'>solebat.</span> <span class='ocrx_word' id='word_1_58' title='bbox 808 1097 957 1183; x_wconf 79' lang='lat' dir='ltr'>Walchins</span> <span class='ocrx_word' id='word_1_59' title='bbox 979 1099 1005 1156; x_wconf 92' lang='lat' dir='ltr'>b.</span> <span class='ocrx_word' id='word_1_60' title='bbox 1029 1117 1067 1157; x_wconf 90' lang='lat' dir='ltr'>m.</span> <span class='ocrx_word' id='word_1_61' title='bbox 1086 1098 1179 1155; x_wconf 87' lang='lat' dir='ltr'>Tomo</span> <span class='ocrx_word' id='word_1_62' title='bbox 1202 1092 1674 1177; x_wconf 32' lang='lat' dir='ltr'>Vlll.·0pp.1.&#39;uth.,iupraei.</span> <span class='ocrx_word' id='word_1_63' title='bbox 1702 1119 1734 1178; x_wconf 93' lang='lat' dir='ltr'>p.</span> <span class='ocrx_word' id='word_1_64' title='bbox 1761 1098 1810 1159; x_wconf 79' lang='grc'>14.</span> <span class='ocrx_word' id='word_1_65' title='bbox 1834 1112 1896 1160; x_wconf 89' lang='lat' dir='ltr'>not.</span> <span class='ocrx_word' id='word_1_66' title='bbox 1918 1095 1951 1179; x_wconf 84' lang='lat' dir='ltr'>e)</span> <span class='ocrx_word' id='word_1_67' title='bbox 1971 1101 2086 1162; x_wconf 76' lang='lat' dir='ltr'>scribit:</span> <span class='ocrx_word' id='word_1_68' title='bbox 2114 1097 2188 1166; x_wconf 59' lang='lat' dir='ltr'>ibit</span> <span class='ocrx_word' id='word_1_69' title='bbox 2209 1103 2260 1165; x_wconf 79' lang='lat' dir='ltr'>ber</span> <span class='ocrx_word' id='word_1_70' title='bbox 2282 1097 2391 1185; x_wconf 72' lang='lat' dir='ltr'>tigillis</span> 
     </span>
     <span class='ocr_line' id='line_1_6' title="bbox 371 1166 2391 1268; baseline -0.002 -13"><span class='ocrx_word' id='word_1_71' title='bbox 371 1187 439 1268; x_wconf 71' lang='lat' dir='ltr'>litio</span> <span class='ocrx_word' id='word_1_72' title='bbox 463 1182 617 1264; x_wconf 60' lang='lat' dir='ltr'>{installat</span> <span class='ocrx_word' id='word_1_73' title='bbox 638 1180 702 1261; x_wconf 76' lang='lat' dir='ltr'>itt),</span> <span class='ocrx_word' id='word_1_74' title='bbox 732 1179 767 1259; x_wconf 76' lang='lat' dir='ltr'>tit</span> <span class='ocrx_word' id='word_1_75' title='bbox 796 1166 872 1263; x_wconf 68' lang='lat' dir='ltr'>uitat</span> <span class='ocrx_word' id='word_1_76' title='bbox 896 1174 1032 1263; x_wconf 79' lang='lat' dir='ltr'>briiuut.</span> <span class='ocrx_word' id='word_1_77' title='bbox 1076 1174 1184 1263; x_wconf 62' lang='lat' dir='ltr'>dirige</span> <span class='ocrx_word' id='word_1_78' title='bbox 1207 1175 1427 1258; x_wconf 69' lang='lat' dir='ltr'>mutbmolfra,</span> <span class='ocrx_word' id='word_1_79' title='bbox 1464 1184 1497 1245; x_wconf 78' lang='lat' dir='ltr'>rt</span> <span class='ocrx_word' id='word_1_80' title='bbox 1526 1178 1573 1260; x_wconf 77' lang='lat' dir='ltr'>ian</span> <span class='ocrx_word' id='word_1_81' title='bbox 1597 1177 1703 1259; x_wconf 70' lang='lat' dir='ltr'>laidet</span> <span class='ocrx_word' id='word_1_82' title='bbox 1728 1179 1962 1263; x_wconf 55' lang='lat' dir='ltr'>Wriaadtbom</span> <span class='ocrx_word' id='word_1_83' title='bbox 1991 1180 2097 1248; x_wconf 81' lang='lat' dir='ltr'>uomit</span> <span class='ocrx_word' id='word_1_84' title='bbox 2127 1181 2196 1248; x_wconf 79' lang='lat' dir='ltr'>abet</span> <span class='ocrx_word' id='word_1_85' title='bbox 2226 1187 2323 1250; x_wconf 78' lang='lat' dir='ltr'>aeta</span> <span class='ocrx_word' id='word_1_86' title='bbox 2345 1182 2391 1252; x_wconf 79' lang='lat' dir='ltr'>air</span> 
     </span>
     <span class='ocr_line' id='line_1_7' title="bbox 371 1260 2391 1352; baseline 0.001 -16"><span class='ocrx_word' id='word_1_87' title='bbox 371 1268 567 1350; x_wconf 54' lang='lat' dir='ltr'>&amp;oscitare</span> <span class='ocrx_word' id='word_1_88' title='bbox 598 1268 668 1346; x_wconf 72' lang='lat' dir='ltr'>aad&gt;</span> <span class='ocrx_word' id='word_1_89' title='bbox 692 1266 737 1332; x_wconf 77' lang='lat' dir='ltr'>ait</span> <span class='ocrx_word' id='word_1_90' title='bbox 760 1266 903 1345; x_wconf 51' lang='lat' dir='ltr'>mnata,</span> <span class='ocrx_word' id='word_1_91' title='bbox 932 1260 1090 1344; x_wconf 61' lang='lat' dir='ltr'>tasnato</span> <span class='ocrx_word' id='word_1_92' title='bbox 1118 1267 1176 1330; x_wconf 83' lang='lat' dir='ltr'>bot</span> <span class='ocrx_word' id='word_1_93' title='bbox 1192 1273 1258 1329; x_wconf 79' lang='lat' dir='ltr'>&#39;aaa</span> <span class='ocrx_word' id='word_1_94' title='bbox 1282 1267 1333 1328; x_wconf 80' lang='lat' dir='ltr'>ter</span> <span class='ocrx_word' id='word_1_95' title='bbox 1353 1260 1584 1344; x_wconf 64' lang='lat' dir='ltr'>iritototiltbra</span> <span class='ocrx_word' id='word_1_96' title='bbox 1605 1263 1800 1348; x_wconf 53' lang='lat' dir='ltr'>natatoriis</span> <span class='ocrx_word' id='word_1_97' title='bbox 1820 1266 1943 1351; x_wconf 70' lang='lat' dir='ltr'>attilia</span> <span class='ocrx_word' id='word_1_98' title='bbox 1964 1265 2078 1348; x_wconf 71' lang='lat' dir='ltr'>itabat</span> <span class='ocrx_word' id='word_1_99' title='bbox 2097 1264 2391 1352; x_wconf 60' lang='lat' dir='ltr'>instaurationes</span> 
     </span>
     <span class='ocr_line' id='line_1_8' title="bbox 372 1351 2390 1439; baseline 0.004 -29"><span class='ocrx_word' id='word_1_100' title='bbox 372 1355 511 1439; x_wconf 53' lang='lat' dir='ltr'>friginta</span> <span class='ocrx_word' id='word_1_101' title='bbox 553 1357 616 1417; x_wconf 85' lang='lat' dir='ltr'>sed</span> <span class='ocrx_word' id='word_1_102' title='bbox 638 1355 696 1416; x_wconf 85' lang='lat' dir='ltr'>baa</span> <span class='ocrx_word' id='word_1_103' title='bbox 717 1355 848 1415; x_wconf 82' lang='lat' dir='ltr'>rationes</span> <span class='ocrx_word' id='word_1_104' title='bbox 872 1371 920 1411; x_wconf 89' lang='lat' dir='ltr'>me</span> <span class='ocrx_word' id='word_1_105' title='bbox 945 1371 1003 1411; x_wconf 91' lang='lat' dir='ltr'>non</span> <span class='ocrx_word' id='word_1_106' title='bbox 1031 1363 1168 1427; x_wconf 83' lang='lat' dir='ltr'>movent,</span> <span class='ocrx_word' id='word_1_107' title='bbox 1196 1361 1239 1419; x_wconf 46' lang='lat' dir='ltr'>ut,</span> <span class='ocrx_word' id='word_1_108' title='bbox 1256 1351 1367 1428; x_wconf 89' lang='lat' dir='ltr'>alium,</span> <span class='ocrx_word' id='word_1_109' title='bbox 1392 1368 1481 1427; x_wconf 86' lang='lat' dir='ltr'>quam</span> <span class='ocrx_word' id='word_1_110' title='bbox 1502 1353 1758 1415; x_wconf 71' lang='lat' dir='ltr'>Melanchthonem</span> <span class='ocrx_word' id='word_1_111' title='bbox 1781 1366 1932 1414; x_wconf 78' lang='lat' dir='ltr'><strong>auctorem</strong></span> <span class='ocrx_word' id='word_1_112' title='bbox 1952 1352 2055 1415; x_wconf 83' lang='lat' dir='ltr'>harum</span> <span class='ocrx_word' id='word_1_113' title='bbox 2078 1354 2291 1434; x_wconf 73' lang='lat' dir='ltr'>praefationum</span> <span class='ocrx_word' id='word_1_114' title='bbox 2313 1359 2390 1418; x_wconf 90' lang='lat' dir='ltr'>iudi·</span> 
     </span>
     <span class='ocr_line' id='line_1_9' title="bbox 370 1434 2390 1516; baseline -0.001 -12"><span class='ocrx_word' id='word_1_115' title='bbox 370 1465 446 1505; x_wconf 90' lang='lat' dir='ltr'>cem.</span> <span class='ocrx_word' id='word_1_116' title='bbox 489 1443 651 1500; x_wconf 89' lang='lat' dir='ltr'>Discrimen</span> <span class='ocrx_word' id='word_1_117' title='bbox 676 1450 721 1498; x_wconf 88' lang='lat' dir='ltr'>est</span> <span class='ocrx_word' id='word_1_118' title='bbox 742 1438 910 1515; x_wconf 84' lang='lat' dir='ltr'>iaciendum</span> <span class='ocrx_word' id='word_1_119' title='bbox 931 1440 1016 1496; x_wconf 85' lang='lat' dir='ltr'>¹iuter</span> <span class='ocrx_word' id='word_1_120' title='bbox 1037 1435 1295 1497; x_wconf 85' lang='lat' dir='ltr'>Melanchthouem</span> <span class='ocrx_word' id='word_1_121' title='bbox 1316 1435 1453 1492; x_wconf 81' lang='lat' dir='ltr'>invenem</span> <span class='ocrx_word' id='word_1_122' title='bbox 1483 1446 1514 1494; x_wconf 91' lang='lat' dir='ltr'>et</span> <span class='ocrx_word' id='word_1_123' title='bbox 1534 1434 1792 1497; x_wconf 75' lang='lat' dir='ltr'>Melanchtboneni</span> <span class='ocrx_word' id='word_1_124' title='bbox 1820 1456 1940 1511; x_wconf 88' lang='lat' dir='ltr'>senem,</span> <span class='ocrx_word' id='word_1_125' title='bbox 1967 1457 2018 1497; x_wconf 91' lang='lat' dir='ltr'>seu</span> <span class='ocrx_word' id='word_1_126' title='bbox 2041 1442 2170 1516; x_wconf 81' lang='lat' dir='ltr'>priorem</span> <span class='ocrx_word' id='word_1_127' title='bbox 2193 1453 2223 1499; x_wconf 91' lang='lat' dir='ltr'>et</span> <span class='ocrx_word' id='word_1_128' title='bbox 2244 1445 2390 1516; x_wconf 87' lang='lat' dir='ltr'>posterio-</span> 
     </span>
     <span class='ocr_line' id='line_1_10' title="bbox 370 1518 2389 1600; baseline -0.001 -12"><span class='ocrx_word' id='word_1_129' title='bbox 370 1520 444 1589; x_wconf 83' lang='lat' dir='ltr'>rem.</span> <span class='ocrx_word' id='word_1_130' title='bbox 487 1520 636 1584; x_wconf 78' lang='lat' dir='ltr'>Primitiae</span> <span class='ocrx_word' id='word_1_131' title='bbox 649 1518 737 1582; x_wconf 85' lang='lat' dir='ltr'>&#39;enirn</span> <span class='ocrx_word' id='word_1_132' title='bbox 758 1520 933 1599; x_wconf 88' lang='lat' dir='ltr'>scriptorum</span> <span class='ocrx_word' id='word_1_133' title='bbox 954 1520 1083 1598; x_wconf 86' lang='lat' dir='ltr'>Philippi</span> <span class='ocrx_word' id='word_1_134' title='bbox 1104 1519 1214 1597; x_wconf 80' lang='lat' dir='ltr'>plenae</span> <span class='ocrx_word' id='word_1_135' title='bbox 1236 1524 1303 1575; x_wconf 84' lang='lat' dir='ltr'>suat</span> <span class='ocrx_word' id='word_1_136' title='bbox 1324 1519 1512 1595; x_wconf 72' lang='lat' dir='ltr'>eloquentiae</span> <span class='ocrx_word' id='word_1_137' title='bbox 1541 1530 1572 1578; x_wconf 91' lang='lat' dir='ltr'>et</span> <span class='ocrx_word' id='word_1_138' title='bbox 1591 1523 1683 1579; x_wconf 90' lang='lat' dir='ltr'>omnis</span> <span class='ocrx_word' id='word_1_139' title='bbox 1705 1534 1841 1597; x_wconf 89' lang='lat' dir='ltr'>ornatus,</span> <span class='ocrx_word' id='word_1_140' title='bbox 1870 1527 2043 1600; x_wconf 88' lang='lat' dir='ltr'>praesertim</span> <span class='ocrx_word' id='word_1_141' title='bbox 2070 1525 2217 1583; x_wconf 89' lang='lat' dir='ltr'>orationes</span> <span class='ocrx_word' id='word_1_142' title='bbox 2238 1523 2276 1585; x_wconf 90' lang='lat' dir='ltr'>de</span> <span class='ocrx_word' id='word_1_143' title='bbox 2298 1529 2389 1585; x_wconf 85' lang='lat' dir='ltr'>corri-</span> 
     </span>
     <span class='ocr_line' id='line_1_11' title="bbox 370 1600 2389 1693; baseline -0.001 -22"><span class='ocrx_word' id='word_1_144' title='bbox 370 1613 475 1693; x_wconf 86' lang='lat' dir='ltr'>gendis</span> <span class='ocrx_word' id='word_1_145' title='bbox 495 1610 714 1668; x_wconf 79' lang='lat' dir='ltr'>adolescentiae</span> <span class='ocrx_word' id='word_1_146' title='bbox 734 1609 852 1681; x_wconf 91' lang='lat' dir='ltr'>studiis,</span> <span class='ocrx_word' id='word_1_147' title='bbox 873 1606 912 1664; x_wconf 95' lang='lat' dir='ltr'>de</span> <span class='ocrx_word' id='word_1_148' title='bbox 926 1605 1131 1663; x_wconf 78' lang='lat' dir='ltr'>adhortatione</span> <span class='ocrx_word' id='word_1_149' title='bbox 1153 1605 1190 1662; x_wconf 87' lang='lat' dir='ltr'>ad</span> <span class='ocrx_word' id='word_1_150' title='bbox 1213 1603 1373 1660; x_wconf 89' lang='lat' dir='ltr'>doctrinam</span> <span class='ocrx_word' id='word_1_151' title='bbox 1390 1603 1559 1679; x_wconf 86' lang='lat' dir='ltr'>Paulinam,</span> <span class='ocrx_word' id='word_1_152' title='bbox 1581 1604 1852 1665; x_wconf 85' lang='lat' dir='ltr'>declamatiuncula¹</span> <span class='ocrx_word' id='word_1_153' title='bbox 1865 1608 1895 1664; x_wconf 93' lang='lat' dir='ltr'>in</span> <span class='ocrx_word' id='word_1_154' title='bbox 1916 1604 1953 1665; x_wconf 90' lang='lat' dir='ltr'>D.</span> <span class='ocrx_word' id='word_1_155' title='bbox 1967 1606 2050 1666; x_wconf 90' lang='lat' dir='ltr'>Pauli</span> <span class='ocrx_word' id='word_1_156' title='bbox 2072 1607 2249 1686; x_wconf 84' lang='lat' dir='ltr'>doctrinam,</span> <span class='ocrx_word' id='word_1_157' title='bbox 2268 1600 2389 1688; x_wconf 81' lang='lat' dir='ltr'>Didymi</span> 
     </span>
     <span class='ocr_line' id='line_1_12' title="bbox 369 1686 2389 1771; baseline -0.001 -14"><span class='ocrx_word' id='word_1_158' title='bbox 369 1696 525 1759; x_wconf 71' lang='lat' dir='ltr'>Ferentini</span> <span class='ocrx_word' id='word_1_159' title='bbox 548 1714 607 1770; x_wconf 82' lang='lat' dir='ltr'>pro</span> <span class='ocrx_word' id='word_1_160' title='bbox 623 1696 664 1754; x_wconf 75' lang='lat' dir='ltr'>il.</span> <span class='ocrx_word' id='word_1_161' title='bbox 683 1693 817 1750; x_wconf 73' lang='lat' dir='ltr'>hurbem</span> <span class='ocrx_word' id='word_1_162' title='bbox 840 1691 932 1748; x_wconf 82' lang='lat' dir='ltr'>oratio</span> <span class='ocrx_word' id='word_1_163' title='bbox 953 1701 1028 1761; x_wconf 81' lang='lat' dir='ltr'>eto.;</span> <span class='ocrx_word' id='word_1_164' title='bbox 1050 1688 1107 1746; x_wconf 88' lang='lat' dir='ltr'>sed</span> <span class='ocrx_word' id='word_1_165' title='bbox 1130 1689 1240 1764; x_wconf 88' lang='lat' dir='ltr'>scripta</span> <span class='ocrx_word' id='word_1_166' title='bbox 1261 1687 1430 1763; x_wconf 85' lang='lat' dir='ltr'>posteriore</span> <span class='ocrx_word' id='word_1_167' title='bbox 1447 1686 1681 1748; x_wconf 81' lang='lat' dir='ltr'>ilelanchthoais</span> <span class='ocrx_word' id='word_1_168' title='bbox 1702 1690 1806 1750; x_wconf 85' lang='lat' dir='ltr'>florido</span> <span class='ocrx_word' id='word_1_169' title='bbox 1826 1692 1942 1750; x_wconf 87' lang='lat' dir='ltr'>dicendi</span> <span class='ocrx_word' id='word_1_170' title='bbox 1965 1709 2077 1767; x_wconf 89' lang='lat' dir='ltr'>genere</span> <span class='ocrx_word' id='word_1_171' title='bbox 2099 1703 2222 1751; x_wconf 79' lang='lat' dir='ltr'>carent.</span> <span class='ocrx_word' id='word_1_172' title='bbox 2258 1690 2327 1771; x_wconf 85' lang='lat' dir='ltr'>lpse</span> <span class='ocrx_word' id='word_1_173' title='bbox 2348 1697 2389 1754; x_wconf 91' lang='lat' dir='ltr'>de</span> 
     </span>
     <span class='ocr_line' id='line_1_13' title="bbox 369 1771 2388 1857; baseline -0.001 -16"><span class='ocrx_word' id='word_1_174' title='bbox 369 1783 448 1856; x_wconf 80' lang='lat' dir='ltr'>stylo</span> <span class='ocrx_word' id='word_1_175' title='bbox 469 1798 521 1839; x_wconf 81' lang='lat' dir='ltr'>sao</span> <span class='ocrx_word' id='word_1_176' title='bbox 543 1780 571 1836; x_wconf 90' lang='lat' dir='ltr'>ia</span> <span class='ocrx_word' id='word_1_177' title='bbox 594 1777 781 1857; x_wconf 78' lang='lat' dir='ltr'>praefatione</span> <span class='ocrx_word' id='word_1_178' title='bbox 801 1788 925 1852; x_wconf 83' lang='lat' dir='ltr'>opernm</span> <span class='ocrx_word' id='word_1_179' title='bbox 948 1792 1067 1833; x_wconf 90' lang='lat' dir='ltr'>suorum</span> <span class='ocrx_word' id='word_1_180' title='bbox 1081 1773 1225 1831; x_wconf 79' lang='lat' dir='ltr'>¹arditionis</span> <span class='ocrx_word' id='word_1_181' title='bbox 1238 1771 1427 1831; x_wconf 64' lang='lat' dir='ltr'>Basileeffls.</span> <span class='ocrx_word' id='word_1_182' title='bbox 1436 1774 1479 1830; x_wconf 89' lang='lat' dir='ltr'>sic</span> <span class='ocrx_word' id='word_1_183' title='bbox 1496 1775 1644 1851; x_wconf 88' lang='lat' dir='ltr'>-loquiturs</span> <span class='ocrx_word' id='word_1_184' title='bbox 1665 1775 1697 1834; x_wconf 82' lang='lat' dir='ltr'>st</span> <span class='ocrx_word' id='word_1_185' title='bbox 1717 1776 1770 1833; x_wconf 90' lang='lat' dir='ltr'>illa</span> <span class='ocrx_word' id='word_1_186' title='bbox 1791 1794 1880 1835; x_wconf 89' lang='lat' dir='ltr'>aurea</span> <span class='ocrx_word' id='word_1_187' title='bbox 1891 1787 1989 1851; x_wconf 85' lang='lat' dir='ltr'>aetas,</span> <span class='ocrx_word' id='word_1_188' title='bbox 2009 1795 2098 1853; x_wconf 85' lang='lat' dir='ltr'>qnam</span> <span class='ocrx_word' id='word_1_189' title='bbox 2112 1789 2182 1836; x_wconf 92' lang='lat' dir='ltr'>tune</span> <span class='ocrx_word' id='word_1_190' title='bbox 2195 1787 2388 1840; x_wconf 68' lang='lat' dir='ltr'>reflorescen-</span> 
     </span>
     <span class='ocr_line' id='line_1_14' title="bbox 370 1856 2387 1939; baseline -0.001 -14"><span class='ocrx_word' id='word_1_191' title='bbox 370 1869 447 1926; x_wconf 82' lang='lat' dir='ltr'>tibae</span> <span class='ocrx_word' id='word_1_192' title='bbox 471 1876 619 1939; x_wconf 90' lang='lat' dir='ltr'>utcuuque</span> <span class='ocrx_word' id='word_1_193' title='bbox 641 1862 733 1919; x_wconf 90' lang='lat' dir='ltr'>literis</span> <span class='ocrx_word' id='word_1_194' title='bbox 754 1861 961 1937; x_wconf 89' lang='lat' dir='ltr'>sperabamus,</span> <span class='ocrx_word' id='word_1_195' title='bbox 986 1871 1088 1916; x_wconf 91' lang='lat' dir='ltr'>secuta</span> <span class='ocrx_word' id='word_1_196' title='bbox 1109 1857 1229 1932; x_wconf 83' lang='lat' dir='ltr'>inisset,</span> <span class='ocrx_word' id='word_1_197' title='bbox 1250 1856 1381 1913; x_wconf 80' lang='lat' dir='ltr'>fortassis</span> <span class='ocrx_word' id='word_1_198' title='bbox 1404 1856 1542 1933; x_wconf 89' lang='lat' dir='ltr'>laetiora,</span> <span class='ocrx_word' id='word_1_199' title='bbox 1573 1860 1710 1918; x_wconf 86' lang='lat' dir='ltr'>nitidiora</span> <span class='ocrx_word' id='word_1_200' title='bbox 1731 1871 1763 1917; x_wconf 93' lang='lat' dir='ltr'>et</span> <span class='ocrx_word' id='word_1_201' title='bbox 1785 1861 1890 1918; x_wconf 88' lang='lat' dir='ltr'>scholis</span> <span class='ocrx_word' id='word_1_202' title='bbox 1912 1861 2039 1937; x_wconf 90' lang='lat' dir='ltr'>gratiora</span> <span class='ocrx_word' id='word_1_203' title='bbox 2060 1863 2301 1939; x_wconf 89' lang='lat' dir='ltr'>scripsissemus.·</span> <span class='ocrx_word' id='word_1_204' title='bbox 2325 1865 2387 1923; x_wconf 75' lang='lat' dir='ltr'>aad</span> 
     </span>
     <span class='ocr_line' id='line_1_15' title="bbox 368 1939 2387 2023; baseline -0.003 -11"><span class='ocrx_word' id='word_1_205' title='bbox 368 1951 467 2013; x_wconf 82' lang='lat' dir='ltr'>iatalis</span> <span class='ocrx_word' id='word_1_206' title='bbox 488 1948 651 2021; x_wconf 89' lang='lat' dir='ltr'>discordia,</span> <span class='ocrx_word' id='word_1_207' title='bbox 679 1962 754 2022; x_wconf 88' lang='lat' dir='ltr'>quae</span> <span class='ocrx_word' id='word_1_208' title='bbox 773 1956 878 2021; x_wconf 86' lang='lat' dir='ltr'>postea</span> <span class='ocrx_word' id='word_1_209' title='bbox 906 1954 1009 2003; x_wconf 89' lang='lat' dir='ltr'>secuta</span> <span class='ocrx_word' id='word_1_210' title='bbox 1030 1951 1091 2018; x_wconf 89' lang='lat' dir='ltr'>est,</span> <span class='ocrx_word' id='word_1_211' title='bbox 1124 1954 1155 2003; x_wconf 91' lang='lat' dir='ltr'>et</span> <span class='ocrx_word' id='word_1_212' title='bbox 1183 1959 1248 2000; x_wconf 89' lang='lat' dir='ltr'>mea</span> <span class='ocrx_word' id='word_1_213' title='bbox 1276 1939 1370 1998; x_wconf 87' lang='lat' dir='ltr'>studia</span> <span class='ocrx_word' id='word_1_214' title='bbox 1400 1944 1577 2023; x_wconf 75' lang='lat' dir='ltr'>conterruit,</span> <span class='ocrx_word' id='word_1_215' title='bbox 1605 1954 1637 2004; x_wconf 91' lang='lat' dir='ltr'>et</span> <span class='ocrx_word' id='word_1_216' title='bbox 1659 1956 1690 2003; x_wconf 90' lang='lat' dir='ltr'>ut</span> <span class='ocrx_word' id='word_1_217' title='bbox 1711 1943 1771 2003; x_wconf 83' lang='lat' dir='ltr'>fert</span> <span class='ocrx_word' id='word_1_218' title='bbox 1792 1956 1956 2023; x_wconf 90' lang='lat' dir='ltr'>temporum</span> <span class='ocrx_word' id='word_1_219' title='bbox 1983 1946 2146 2022; x_wconf 89' lang='lat' dir='ltr'>moestitia,</span> <span class='ocrx_word' id='word_1_220' title='bbox 2172 1948 2328 2005; x_wconf 88' lang='lat' dir='ltr'>tristiorem</span> <span class='ocrx_word' id='word_1_221' title='bbox 2355 1959 2387 2006; x_wconf 90' lang='lat' dir='ltr'>et</span> 
     </span>
     <span class='ocr_line' id='line_1_16' title="bbox 369 2022 2386 2113; baseline 0.001 -24"><span class='ocrx_word' id='word_1_222' title='bbox 369 2034 451 2113; x_wconf 81' lang='lat' dir='ltr'>quasi</span> <span class='ocrx_word' id='word_1_223' title='bbox 472 2035 626 2111; x_wconf 85' lang='lat' dir='ltr'>lugubrem</span> <span class='ocrx_word' id='word_1_224' title='bbox 654 2028 784 2107; x_wconf 80' lang='lat' dir='ltr'>habitum</span> <span class='ocrx_word' id='word_1_225' title='bbox 814 2029 937 2103; x_wconf 85' lang='lat' dir='ltr'>orationi</span> <span class='ocrx_word' id='word_1_226' title='bbox 966 2038 1083 2088; x_wconf 87' lang='lat' dir='ltr'>nostrae</span> <span class='ocrx_word' id='word_1_227' title='bbox 1111 2024 1313 2087; x_wconf 86' lang='lat' dir='ltr'>circumdedit.</span> <span class='ocrx_word' id='word_1_228' title='bbox 1358 2022 1472 2093; x_wconf 71' lang='lat' dir='ltr'>,Confer</span> <span class='ocrx_word' id='word_1_229' title='bbox 1499 2046 1615 2107; x_wconf 90' lang='lat' dir='ltr'>quoque</span> <span class='ocrx_word' id='word_1_230' title='bbox 1636 2023 1799 2088; x_wconf 86' lang='lat' dir='ltr'>Camerarii</span> <span class='ocrx_word' id='word_1_231' title='bbox 1825 2031 1914 2088; x_wconf 83' lang='lat' dir='ltr'>sitam</span> <span class='ocrx_word' id='word_1_232' title='bbox 1940 2028 2174 2091; x_wconf 81' lang='lat' dir='ltr'>Melanchthonis</span> <span class='ocrx_word' id='word_1_233' title='bbox 2204 2049 2234 2108; x_wconf 82' lang='lat' dir='ltr'>p</span> <span class='ocrx_word' id='word_1_234' title='bbox 2255 2029 2300 2094; x_wconf 72' lang='lat'>72</span> <span class='ocrx_word' id='word_1_235' title='bbox 2319 2051 2386 2112; x_wconf 88' lang='lat' dir='ltr'>sqq.</span> 
     </span>
     <span class='ocr_line' id='line_1_17' title="bbox 367 2104 2387 2190; baseline -0.006 -14"><span class='ocrx_word' id='word_1_236' title='bbox 367 2119 480 2178; x_wconf 81' lang='lat' dir='ltr'>Eodem</span> <span class='ocrx_word' id='word_1_237' title='bbox 502 2117 588 2175; x_wconf 93' lang='lat' dir='ltr'>modo</span> <span class='ocrx_word' id='word_1_238' title='bbox 610 2113 834 2190; x_wconf 89' lang='lat' dir='ltr'>distinguendus</span> <span class='ocrx_word' id='word_1_239' title='bbox 853 2124 898 2171; x_wconf 89' lang='lat' dir='ltr'>est</span> <span class='ocrx_word' id='word_1_240' title='bbox 922 2110 1130 2171; x_wconf 79' lang='lat' dir='ltr'>Melanchthou</span> <span class='ocrx_word' id='word_1_241' title='bbox 1153 2113 1234 2189; x_wconf 90' lang='lat' dir='ltr'>prior</span> <span class='ocrx_word' id='word_1_242' title='bbox 1256 2120 1287 2167; x_wconf 92' lang='lat' dir='ltr'>et</span> <span class='ocrx_word' id='word_1_243' title='bbox 1307 2109 1468 2186; x_wconf 73' lang='lat' dir='ltr'>ponerint,</span> <span class='ocrx_word' id='word_1_244' title='bbox 1496 2112 1549 2172; x_wconf 77' lang='lat' dir='ltr'>ille</span> <span class='ocrx_word' id='word_1_245' title='bbox 1571 2113 1664 2189; x_wconf 76' lang='lat' dir='ltr'>male,</span> <span class='ocrx_word' id='word_1_246' title='bbox 1690 2112 1739 2171; x_wconf 74' lang='lat' dir='ltr'>hic</span> <span class='ocrx_word' id='word_1_247' title='bbox 1759 2115 1836 2172; x_wconf 72' lang='lat' dir='ltr'>bene</span> <span class='ocrx_word' id='word_1_248' title='bbox 1853 2104 1983 2174; x_wconf 63' lang='lat' dir='ltr'>,entiam</span> <span class='ocrx_word' id='word_1_249' title='bbox 2013 2125 2044 2174; x_wconf 75' lang='lat' dir='ltr'>et</span> <span class='ocrx_word' id='word_1_250' title='bbox 2063 2112 2195 2174; x_wconf 67' lang='lat' dir='ltr'>ludim.</span> <span class='ocrx_word' id='word_1_251' title='bbox 2215 2116 2254 2176; x_wconf 62' lang='lat' dir='ltr'>de</span> <span class='ocrx_word' id='word_1_252' title='bbox 2273 2117 2387 2181; x_wconf 65' lang='lat' dir='ltr'>Arim-</span> 
     </span>
     <span class='ocr_line' id='line_1_18' title="bbox 368 2193 2385 2275; baseline -0.001 -14"><span class='ocrx_word' id='word_1_253' title='bbox 368 2204 440 2265; x_wconf 92' lang='lat' dir='ltr'>tele.</span> <span class='ocrx_word' id='word_1_254' title='bbox 481 2202 553 2259; x_wconf 89' lang='lat' dir='ltr'>Sine</span> <span class='ocrx_word' id='word_1_255' title='bbox 574 2200 660 2256; x_wconf 92' lang='lat' dir='ltr'>dubio</span> <span class='ocrx_word' id='word_1_256' title='bbox 682 2197 735 2254; x_wconf 90' lang='lat' dir='ltr'>ille</span> <span class='ocrx_word' id='word_1_257' title='bbox 758 2197 882 2254; x_wconf 89' lang='lat' dir='ltr'>Lutheri</span> <span class='ocrx_word' id='word_1_258' title='bbox 904 2215 991 2255; x_wconf 87' lang='lat' dir='ltr'>causa</span> <span class='ocrx_word' id='word_1_259' title='bbox 1012 2198 1137 2273; x_wconf 90' lang='lat' dir='ltr'>primum</span> <span class='ocrx_word' id='word_1_260' title='bbox 1160 2195 1262 2273; x_wconf 82' lang='lat' dir='ltr'>quasis</span> <span class='ocrx_word' id='word_1_261' title='bbox 1284 2193 1435 2251; x_wconf 77' lang='lat' dir='ltr'>occasione</span> <span class='ocrx_word' id='word_1_262' title='bbox 1458 2194 1645 2256; x_wconf 72' lang='lat' dir='ltr'>Aristotelem</span> <span class='ocrx_word' id='word_1_263' title='bbox 1667 2199 1826 2275; x_wconf 88' lang='lat' dir='ltr'>carpebat,</span> <span class='ocrx_word' id='word_1_264' title='bbox 1854 2200 2021 2275; x_wconf 84' lang='lat' dir='ltr'>insequenti</span> <span class='ocrx_word' id='word_1_265' title='bbox 2047 2209 2180 2275; x_wconf 91' lang='lat' dir='ltr'>tempore</span> <span class='ocrx_word' id='word_1_266' title='bbox 2201 2210 2299 2260; x_wconf 91' lang='lat' dir='ltr'>autem</span> <span class='ocrx_word' id='word_1_267' title='bbox 2319 2201 2385 2259; x_wconf 90' lang='lat' dir='ltr'>lau·</span> 
     </span>
     <span class='ocr_line' id='line_1_19' title="bbox 368 2277 2384 2361; baseline -0 -17"><span class='ocrx_word' id='word_1_268' title='bbox 368 2284 471 2344; x_wconf 52' lang='grc' dir='ltr'>Μαι(</span> <span class='ocrx_word' id='word_1_269' title='bbox 509 2283 645 2359; x_wconf 86' lang='lat' dir='ltr'>inprimis</span> <span class='ocrx_word' id='word_1_270' title='bbox 660 2282 840 2338; x_wconf 56' lang='lat' dir='ltr'>‘termimum</span> <span class='ocrx_word' id='word_1_271' title='bbox 856 2297 897 2337; x_wconf 86' lang='lat' dir='ltr'>se</span> <span class='ocrx_word' id='word_1_272' title='bbox 923 2281 1037 2339; x_wconf 81' lang='lat' dir='ltr'>hostem</span> <span class='ocrx_word' id='word_1_273' title='bbox 1059 2279 1225 2339; x_wconf 79' lang='lat' dir='ltr'>Aristotelis</span> <span class='ocrx_word' id='word_1_274' title='bbox 1246 2277 1408 2335; x_wconf 83' lang='lat' dir='ltr'>declararit</span> <span class='ocrx_word' id='word_1_275' title='bbox 1427 2279 1458 2334; x_wconf 93' lang='lat' dir='ltr'>in</span> <span class='ocrx_word' id='word_1_276' title='bbox 1479 2281 1653 2340; x_wconf 82' lang='lat' dir='ltr'>editionibus</span> <span class='ocrx_word' id='word_1_277' title='bbox 1683 2283 1797 2359; x_wconf 89' lang='lat' dir='ltr'>primae</span> <span class='ocrx_word' id='word_1_278' title='bbox 1819 2283 1917 2341; x_wconf 87' lang='lat' dir='ltr'>classis</span> <span class='ocrx_word' id='word_1_279' title='bbox 1936 2281 2088 2341; x_wconf 85' lang='lat' dir='ltr'>Locorum</span> <span class='ocrx_word' id='word_1_280' title='bbox 2104 2285 2316 2361; x_wconf 87' lang='lat' dir='ltr'>communium,</span> <span class='ocrx_word' id='word_1_281' title='bbox 2338 2284 2384 2353; x_wconf 57' lang='lat' dir='ltr'>dt,-</span> 
     </span>
     <span class='ocr_line' id='line_1_20' title="bbox 329 2361 2384 2446; baseline 0 -18"><span class='ocrx_word' id='word_1_282' title='bbox 329 2375 333 2381; x_wconf 89' lang='lat'><em>&#39;</em></span> <span class='ocrx_word' id='word_1_283' title='bbox 368 2388 453 2428; x_wconf 74' lang='lat' dir='ltr'>censa</span> <span class='ocrx_word' id='word_1_284' title='bbox 474 2367 637 2427; x_wconf 82' lang='lat' dir='ltr'>Aristotelis</span> <span class='ocrx_word' id='word_1_285' title='bbox 659 2366 791 2423; x_wconf 87' lang='lat' dir='ltr'>doctrina</span> <span class='ocrx_word' id='word_1_286' title='bbox 817 2377 862 2422; x_wconf 92' lang='lat' dir='ltr'>est</span> <span class='ocrx_word' id='word_1_287' title='bbox 883 2365 911 2420; x_wconf 90' lang='lat' dir='ltr'>in</span> <span class='ocrx_word' id='word_1_288' title='bbox 934 2366 1101 2422; x_wconf 84' lang='lat' dir='ltr'>universum</span> <span class='ocrx_word' id='word_1_289' title='bbox 1123 2363 1265 2440; x_wconf 92' lang='lat' dir='ltr'>quaedam</span> <span class='ocrx_word' id='word_1_290' title='bbox 1290 2362 1376 2419; x_wconf 91' lang='lat' dir='ltr'>libido</span> <span class='ocrx_word' id='word_1_291' title='bbox 1400 2361 1531 2440; x_wconf 88' lang='lat' dir='ltr'>rixandi,</span> <span class='ocrx_word' id='word_1_292' title='bbox 1553 2377 1585 2424; x_wconf 93' lang='lat' dir='ltr'>ut</span> <span class='ocrx_word' id='word_1_293' title='bbox 1608 2384 1676 2437; x_wconf 89' lang='lat' dir='ltr'>eum</span> <span class='ocrx_word' id='word_1_294' title='bbox 1698 2369 1727 2424; x_wconf 90' lang='lat' dir='ltr'>iu</span> <span class='ocrx_word' id='word_1_295' title='bbox 1750 2369 1955 2442; x_wconf 86' lang='lat' dir='ltr'>paraeneticae</span> <span class='ocrx_word' id='word_1_296' title='bbox 1977 2366 2384 2446; x_wconf 80' lang='lat' dir='ltr'>philosophiae·²scriptoribus</span> 
     </span>
     <span class='ocr_line' id='line_1_21' title="bbox 367 2446 2384 2530; baseline 0.001 -19"><span class='ocrx_word' id='word_1_297' title='bbox 367 2472 407 2515; x_wconf 83' lang='lat' dir='ltr'>aa</span> <span class='ocrx_word' id='word_1_298' title='bbox 428 2464 578 2530; x_wconf 86' lang='lat' dir='ltr'>postremo</span> <span class='ocrx_word' id='word_1_299' title='bbox 605 2449 725 2527; x_wconf 79' lang='lat' dir='ltr'>quidem</span> <span class='ocrx_word' id='word_1_300' title='bbox 748 2449 810 2513; x_wconf 87' lang='lat' dir='ltr'>loco</span> <span class='ocrx_word' id='word_1_301' title='bbox 831 2465 996 2511; x_wconf 80' lang='lat' dir='ltr'>numerare</span> <span class='ocrx_word' id='word_1_302' title='bbox 1024 2449 1177 2507; x_wconf 80' lang='lat' dir='ltr'>conveniat</span> <span class='ocrx_word' id='word_1_303' title='bbox 1209 2477 1249 2491; x_wconf 66' lang='grc'>«-</span> <span class='ocrx_word' id='word_1_304' title='bbox 1271 2446 1302 2505; x_wconf 90' lang='lat' dir='ltr'>id</span> <span class='ocrx_word' id='word_1_305' title='bbox 1331 2455 1371 2509; x_wconf 77' lang='lat' dir='ltr'>ut,</span> <span class='ocrx_word' id='word_1_306' title='bbox 1386 2450 1538 2508; x_wconf 83' lang='lat' dir='ltr'>conveniat</span> <span class='ocrx_word' id='word_1_307' title='bbox 1565 2468 1632 2508; x_wconf 91' lang='lat' dir='ltr'>cum</span> <span class='ocrx_word' id='word_1_308' title='bbox 1653 2452 1817 2510; x_wconf 81' lang='lat' dir='ltr'>Aristotelis</span> <span class='ocrx_word' id='word_1_309' title='bbox 1844 2451 2045 2527; x_wconf 85' lang='lat' dir='ltr'>philosophia,</span> <span class='ocrx_word' id='word_1_310' title='bbox 2060 2470 2129 2511; x_wconf 73' lang='lat' dir='ltr'>non</span> <span class='ocrx_word' id='word_1_311' title='bbox 2152 2453 2262 2513; x_wconf 83' lang='lat' dir='ltr'>laboro.</span> <span class='ocrx_word' id='word_1_312' title='bbox 2304 2454 2384 2521; x_wconf 86' lang='lat' dir='ltr'>Quid</span> 
     </span>
     <span class='ocr_line' id='line_1_22' title="bbox 367 2528 2383 2615; baseline -0 -18"><span class='ocrx_word' id='word_1_313' title='bbox 367 2540 447 2597; x_wconf 89' lang='lat' dir='ltr'>enim</span> <span class='ocrx_word' id='word_1_314' title='bbox 469 2537 507 2595; x_wconf 89' lang='lat' dir='ltr'>ad</span> <span class='ocrx_word' id='word_1_315' title='bbox 530 2552 596 2607; x_wconf 90' lang='lat' dir='ltr'>me,</span> <span class='ocrx_word' id='word_1_316' title='bbox 628 2533 697 2610; x_wconf 90' lang='lat' dir='ltr'>quid</span> <span class='ocrx_word' id='word_1_317' title='bbox 726 2533 851 2592; x_wconf 88' lang='lat' dir='ltr'>senserit</span> <span class='ocrx_word' id='word_1_318' title='bbox 878 2535 931 2591; x_wconf 88' lang='lat' dir='ltr'>illa</span> <span class='ocrx_word' id='word_1_319' title='bbox 953 2528 1087 2590; x_wconf 78' lang='lat' dir='ltr'>rixatorl</span> <span class='ocrx_word' id='word_1_320' title='bbox 1110 2563 1149 2576; x_wconf 90' lang='lat'>-</span> <span class='ocrx_word' id='word_1_321' title='bbox 1193 2531 1256 2588; x_wconf 87' lang='lat' dir='ltr'>Hoc</span> <span class='ocrx_word' id='word_1_322' title='bbox 1286 2541 1331 2587; x_wconf 91' lang='lat' dir='ltr'>est</span> <span class='ocrx_word' id='word_1_323' title='bbox 1360 2539 1391 2586; x_wconf 89' lang='lat' dir='ltr'>et</span> <span class='ocrx_word' id='word_1_324' title='bbox 1411 2529 1549 2590; x_wconf 77' lang='lat' dir='ltr'>festivum</span> <span class='ocrx_word' id='word_1_325' title='bbox 1578 2546 1609 2593; x_wconf 88' lang='lat' dir='ltr'>et</span> <span class='ocrx_word' id='word_1_326' title='bbox 1637 2551 1721 2592; x_wconf 90' lang='lat' dir='ltr'>mere</span> <span class='ocrx_word' id='word_1_327' title='bbox 1743 2537 1975 2605; x_wconf 79' lang='lat' dir='ltr'>Aristotelicum,</span> <span class='ocrx_word' id='word_1_328' title='bbox 2003 2546 2037 2595; x_wconf 84' lang='lat' dir='ltr'>et</span> <span class='ocrx_word' id='word_1_329' title='bbox 2052 2536 2242 2598; x_wconf 72' lang='lat' dir='ltr'>armoteliob</span> <span class='ocrx_word' id='word_1_330' title='bbox 2262 2537 2383 2615; x_wconf 70' lang='lat' dir='ltr'>dignm</span> 
     </span>
     <span class='ocr_line' id='line_1_23' title="bbox 366 2614 2382 2699; baseline 0 -19"><span class='ocrx_word' id='word_1_331' title='bbox 366 2622 526 2698; x_wconf 87' lang='lat' dir='ltr'>Theologis</span> <span class='ocrx_word' id='word_1_332' title='bbox 548 2629 752 2679; x_wconf 89' lang='lat' dir='ltr'>commentum.</span> <span class='ocrx_word' id='word_1_333' title='bbox 778 2648 819 2699; x_wconf 63' lang='lat'>-7</span> <span class='ocrx_word' id='word_1_334' title='bbox 845 2617 970 2689; x_wconf 62' lang='lat' dir='ltr'>,Foede</span> <span class='ocrx_word' id='word_1_335' title='bbox 984 2616 1154 2693; x_wconf 87' lang='lat' dir='ltr'>hallucinati</span> <span class='ocrx_word' id='word_1_336' title='bbox 1175 2624 1243 2673; x_wconf 89' lang='lat' dir='ltr'>sunt</span> <span class='ocrx_word' id='word_1_337' title='bbox 1265 2615 1372 2693; x_wconf 90' lang='lat' dir='ltr'>ubique</span> <span class='ocrx_word' id='word_1_338' title='bbox 1390 2614 1420 2669; x_wconf 92' lang='lat' dir='ltr'>in</span> <span class='ocrx_word' id='word_1_339' title='bbox 1443 2633 1476 2673; x_wconf 90' lang='lat' dir='ltr'>re</span> <span class='ocrx_word' id='word_1_340' title='bbox 1499 2616 1677 2695; x_wconf 90' lang='lat' dir='ltr'>theologica,</span> <span class='ocrx_word' id='word_1_341' title='bbox 1704 2620 1755 2696; x_wconf 94' lang='lat' dir='ltr'>qui</span> <span class='ocrx_word' id='word_1_342' title='bbox 1777 2621 1858 2677; x_wconf 90' lang='lat' dir='ltr'>nobis</span> <span class='ocrx_word' id='word_1_343' title='bbox 1884 2639 1938 2696; x_wconf 91' lang='lat' dir='ltr'>pro</span> <span class='ocrx_word' id='word_1_344' title='bbox 1959 2619 2068 2693; x_wconf 83' lang='lat' dir='ltr'>Christi</span> <span class='ocrx_word' id='word_1_345' title='bbox 2088 2620 2218 2678; x_wconf 88' lang='lat' dir='ltr'>doctrina</span> <span class='ocrx_word' id='word_1_346' title='bbox 2239 2623 2382 2682; x_wconf 77' lang='lat' dir='ltr'>Aristote-</span> 
     </span>
     <span class='ocr_line' id='line_1_24' title="bbox 366 2692 2382 2782; baseline 0 -18"><span class='ocrx_word' id='word_1_347' title='bbox 366 2707 437 2764; x_wconf 87' lang='lat' dir='ltr'>licas</span> <span class='ocrx_word' id='word_1_348' title='bbox 460 2723 553 2782; x_wconf 88' lang='lat' dir='ltr'>nugas</span> <span class='ocrx_word' id='word_1_349' title='bbox 573 2701 744 2780; x_wconf 87' lang='lat' dir='ltr'>prodidere.</span> <span class='ocrx_word' id='word_1_350' title='bbox 789 2696 884 2760; x_wconf 84' lang='lat' dir='ltr'>&#39;Plura</span> <span class='ocrx_word' id='word_1_351' title='bbox 906 2698 973 2758; x_wconf 80' lang='lat' dir='ltr'>iide</span> <span class='ocrx_word' id='word_1_352' title='bbox 1000 2692 1030 2758; x_wconf 89' lang='lat' dir='ltr'>in</span> <span class='ocrx_word' id='word_1_353' title='bbox 1053 2698 1201 2759; x_wconf 80' lang='lat' dir='ltr'>Elswiehii</span> <span class='ocrx_word' id='word_1_354' title='bbox 1228 2694 1440 2759; x_wconf 84' lang='lat' dir='ltr'>schediasmate</span> <span class='ocrx_word' id='word_1_355' title='bbox 1468 2701 1508 2757; x_wconf 91' lang='lat' dir='ltr'>de</span> <span class='ocrx_word' id='word_1_356' title='bbox 1537 2703 1616 2760; x_wconf 79' lang='lat' dir='ltr'>varia</span> <span class='ocrx_word' id='word_1_357' title='bbox 1637 2703 1799 2762; x_wconf 78' lang='lat' dir='ltr'>Aristotelis</span> <span class='ocrx_word' id='word_1_358' title='bbox 1827 2704 1856 2760; x_wconf 93' lang='lat' dir='ltr'>in</span> <span class='ocrx_word' id='word_1_359' title='bbox 1888 2702 1993 2761; x_wconf 88' lang='lat' dir='ltr'>scholis</span> <span class='ocrx_word' id='word_1_360' title='bbox 2012 2702 2239 2764; x_wconf 82' lang='lat' dir='ltr'>Protestantium</span> <span class='ocrx_word' id='word_1_361' title='bbox 2264 2706 2382 2766; x_wconf 79' lang='lat' dir='ltr'>fortuna</span> 
     </span>
     <span class='ocr_line' id='line_1_25' title="bbox 366 2781 1969 2874; baseline -0.001 -26"><span class='ocrx_word' id='word_1_362' title='bbox 366 2806 397 2868; x_wconf 83' lang='lat' dir='ltr'>p.</span> <span class='ocrx_word' id='word_1_363' title='bbox 417 2788 462 2852; x_wconf 79' lang='lat' dir='ltr'>at</span> <span class='ocrx_word' id='word_1_364' title='bbox 484 2808 549 2867; x_wconf 86' lang='lat' dir='ltr'>sqq.</span> <span class='ocrx_word' id='word_1_365' title='bbox 569 2788 702 2866; x_wconf 77' lang='lat' dir='ltr'>praefixo</span> <span class='ocrx_word' id='word_1_366' title='bbox 724 2782 773 2845; x_wconf 69' lang='lat' dir='ltr'>lei</span> <span class='ocrx_word' id='word_1_367' title='bbox 788 2786 910 2844; x_wconf 67' lang='lat' dir='ltr'>launoii</span> <span class='ocrx_word' id='word_1_368' title='bbox 929 2786 1005 2844; x_wconf 85' lang='lat' dir='ltr'>libro</span> <span class='ocrx_word' id='word_1_369' title='bbox 1029 2785 1075 2843; x_wconf 78' lang='lat' dir='ltr'>de.</span> <span class='ocrx_word' id='word_1_370' title='bbox 1090 2786 1169 2843; x_wconf 87' lang='lat' dir='ltr'>sarie</span> <span class='ocrx_word' id='word_1_371' title='bbox 1189 2783 1353 2842; x_wconf 64' lang='lat' dir='ltr'>Mimotelis</span> <span class='ocrx_word' id='word_1_372' title='bbox 1373 2781 1492 2842; x_wconf 76' lang='lat' dir='ltr'>fortuna</span> <span class='ocrx_word' id='word_1_373' title='bbox 1518 2787 1548 2843; x_wconf 89' lang='lat' dir='ltr'>ia</span> <span class='ocrx_word' id='word_1_374' title='bbox 1570 2782 1918 2874; x_wconf 64' lang='lat' dir='ltr'>academia-Paridem.</span> <span class='ocrx_word' id='word_1_375' title='bbox 1966 2810 1969 2815; x_wconf 95' lang='lat'>·</span> 
     </span>
    </p>
   </div>
   <div class='ocr_carea' id='block_1_3' title="bbox 367 2887 2384 3099">
    <p class='ocr_par' dir='ltr' id='par_1_3' title="bbox 367 2887 2384 3099">
     <span class='ocr_line' id='line_1_26' title="bbox 371 2887 2384 3002; baseline -0 -16"><span class='ocrx_word' id='word_1_376' title='bbox 371 2902 383 2911; x_wconf 43' lang='grc'><strong><em>’</em></strong></span> <span class='ocrx_word' id='word_1_377' title='bbox 494 2924 557 2986; x_wconf 77' lang='lat' dir='ltr'>Aa</span> <span class='ocrx_word' id='word_1_378' title='bbox 578 2898 699 3002; x_wconf 63' lang='lat' dir='ltr'>Pruef</span> <span class='ocrx_word' id='word_1_379' title='bbox 725 2910 844 2984; x_wconf 70' lang='lat' dir='ltr'>MV</span> <span class='ocrx_word' id='word_1_380' title='bbox 843 2916 915 2981; x_wconf 88' lang='lat' dir='ltr'>III.</span> <span class='ocrx_word' id='word_1_381' title='bbox 961 2889 1058 3001; x_wconf 74' lang='lat' dir='ltr'>[Hane</span> <span class='ocrx_word' id='word_1_382' title='bbox 1085 2900 1184 2980; x_wconf 79' lang='lat' dir='ltr'>Praei.</span> <span class='ocrx_word' id='word_1_383' title='bbox 1207 2887 1368 2979; x_wconf 84' lang='lat' dir='ltr'>Strohelius</span> <span class='ocrx_word' id='word_1_384' title='bbox 1396 2896 1551 2995; x_wconf 84' lang='lat' dir='ltr'>exscripsit</span> <span class='ocrx_word' id='word_1_385' title='bbox 1578 2937 1617 2978; x_wconf 88' lang='lat' dir='ltr'>ex</span> <span class='ocrx_word' id='word_1_386' title='bbox 1646 2921 1720 2979; x_wconf 91' lang='lat' dir='ltr'>libro</span> <span class='ocrx_word' id='word_1_387' title='bbox 1746 2924 1788 2979; x_wconf 93' lang='lat' dir='ltr'>sic</span> <span class='ocrx_word' id='word_1_388' title='bbox 1817 2921 1971 2999; x_wconf 71' lang='lat' dir='ltr'>inscriptos</span> <span class='ocrx_word' id='word_1_389' title='bbox 2007 2918 2123 2997; x_wconf 64' lang='lat' dir='ltr'>Pramo</span> <span class='ocrx_word' id='word_1_390' title='bbox 2147 2916 2233 2984; x_wconf 80' lang='lat' dir='ltr'>Pare</span> <span class='ocrx_word' id='word_1_391' title='bbox 2253 2897 2384 2985; x_wconf 67' lang='lat' dir='ltr'>Eirene</span> 
     </span>
     <span class='ocr_line' id='line_1_27' title="bbox 367 2998 2062 3099; baseline -0.004 -26"><span class='ocrx_word' id='word_1_392' title='bbox 367 3006 605 3073; x_wconf 67' lang='lat' dir='ltr'>Grammaticos</span> <span class='ocrx_word' id='word_1_393' title='bbox 624 3024 689 3087; x_wconf 81' lang='lat' dir='ltr'>pro</span> <span class='ocrx_word' id='word_1_394' title='bbox 712 3000 961 3085; x_wconf 76' lang='lat' dir='ltr'>incipientibus.</span> <span class='ocrx_word' id='word_1_395' title='bbox 1004 3009 1136 3066; x_wconf 81' lang='lat' dir='ltr'>Astore</span> <span class='ocrx_word' id='word_1_396' title='bbox 1158 3000 1230 3093; x_wconf 72' lang='lat' dir='ltr'>Iob.</span> <span class='ocrx_word' id='word_1_397' title='bbox 1253 3003 1434 3099; x_wconf 67' lang='lat' dir='ltr'>Asseros-io</span> <span class='ocrx_word' id='word_1_398' title='bbox 1456 2998 1611 3080; x_wconf 79' lang='lat' dir='ltr'>Egrorso.</span> <span class='ocrx_word' id='word_1_399' title='bbox 1661 2998 1869 3086; x_wconf 80' lang='lat' dir='ltr'>Witebergae</span> <span class='ocrx_word' id='word_1_400' title='bbox 1891 3002 1985 3066; x_wconf 78' lang='lat'>1557.</span> <span class='ocrx_word' id='word_1_401' title='bbox 2013 3004 2062 3087; x_wconf 88' lang='grc'>8.]</span> 
     </span>
    </p>
   </div>
   <div class='ocr_carea' id='block_1_4' title="bbox 363 3098 2384 3289">
    <p class='ocr_par' dir='ltr' id='par_1_4' title="bbox 363 3098 2384 3289">
     <span class='ocr_line' id='line_1_28' title="bbox 373 3098 2384 3207; baseline -0 -16"><span class='ocrx_word' id='word_1_402' title='bbox 373 3112 391 3205; x_wconf 43' lang='grc'>’,;</span> <span class='ocrx_word' id='word_1_403' title='bbox 495 3126 557 3201; x_wconf 77' lang='lat' dir='ltr'>Ad</span> <span class='ocrx_word' id='word_1_404' title='bbox 579 3118 703 3206; x_wconf 76' lang='lat' dir='ltr'>Praef.</span> <span class='ocrx_word' id='word_1_405' title='bbox 723 3104 886 3187; x_wconf 81' lang='lat' dir='ltr'><em>XXXII.</em></span> <span class='ocrx_word' id='word_1_406' title='bbox 940 3098 1120 3206; x_wconf 60' lang='lat' dir='ltr'>[Strobeiius</span> <span class='ocrx_word' id='word_1_407' title='bbox 1141 3125 1216 3185; x_wconf 81' lang='lat' dir='ltr'>hauc</span> <span class='ocrx_word' id='word_1_408' title='bbox 1237 3121 1338 3194; x_wconf 79' lang='lat' dir='ltr'>Praei.</span> <span class='ocrx_word' id='word_1_409' title='bbox 1369 3105 1527 3199; x_wconf 79' lang='lat' dir='ltr'>exscripsit</span> <span class='ocrx_word' id='word_1_410' title='bbox 1543 3139 1584 3180; x_wconf 83' lang='lat' dir='ltr'>ex</span> <span class='ocrx_word' id='word_1_411' title='bbox 1605 3124 1660 3183; x_wconf 84' lang='lat' dir='ltr'>bae</span> <span class='ocrx_word' id='word_1_412' title='bbox 1680 3124 1737 3183; x_wconf 82' lang='lat' dir='ltr'>Ed.</span> <span class='ocrx_word' id='word_1_413' title='bbox 1758 3125 1924 3203; x_wconf 78' lang='lat' dir='ltr'>Syntaxeos</span> <span class='ocrx_word' id='word_1_414' title='bbox 1945 3126 2034 3185; x_wconf 79' lang='lat' dir='ltr'>bleba</span> <span class='ocrx_word' id='word_1_415' title='bbox 2061 3121 2227 3207; x_wconf 62' lang='lat' dir='ltr'>syriaca</span> <span class='ocrx_word' id='word_1_416' title='bbox 2250 3145 2273 3186; x_wconf 82' lang='lat' dir='ltr'>a</span> <span class='ocrx_word' id='word_1_417' title='bbox 2294 3122 2384 3190; x_wconf 77' lang='lat' dir='ltr'>Pitt.</span> 
     </span>
     <span class='ocr_line' id='line_1_29' title="bbox 363 3200 1666 3289; baseline -0.005 -16"><span class='ocrx_word' id='word_1_418' title='bbox 363 3207 625 3281; x_wconf 64' lang='lat' dir='ltr'>Melanthione</span> <span class='ocrx_word' id='word_1_419' title='bbox 646 3208 786 3271; x_wconf 77' lang='lat' dir='ltr'>collecto</span> <span class='ocrx_word' id='word_1_420' title='bbox 807 3208 1067 3289; x_wconf 66' lang='lat' dir='ltr'>etlootspletnta</span> <span class='ocrx_word' id='word_1_421' title='bbox 1089 3243 1132 3256; x_wconf 93' lang='lat'>-</span> <span class='ocrx_word' id='word_1_422' title='bbox 1152 3200 1401 3284; x_wconf 76' lang='lat' dir='ltr'>Norisshergue</span> <span class='ocrx_word' id='word_1_423' title='bbox 1424 3202 1518 3269; x_wconf 80' lang='lat' dir='ltr'>tato.</span> <span class='ocrx_word' id='word_1_424' title='bbox 1545 3204 1592 3288; x_wconf 69' lang='grc'>8]</span> <span class='ocrx_word' id='word_1_425' title='bbox 1658 3268 1666 3281; x_wconf 46' lang='grc'>,,</span> 
     </span>
    </p>
   </div>
   <div class='ocr_carea' id='block_1_5' title="bbox 364 3300 2385 3589">
    <p class='ocr_par' dir='ltr' id='par_1_5' title="bbox 364 3300 2385 3589">
     <span class='ocr_line' id='line_1_30' title="bbox 493 3300 2385 3410; baseline 0.002 -21"><span class='ocrx_word' id='word_1_426' title='bbox 493 3325 553 3389; x_wconf 84' lang='lat' dir='ltr'>Au</span> <span class='ocrx_word' id='word_1_427' title='bbox 574 3318 693 3385; x_wconf 80' lang='lat' dir='ltr'>uerba:</span> <span class='ocrx_word' id='word_1_428' title='bbox 721 3319 839 3402; x_wconf 89' lang='lat' dir='ltr'>„Pater</span> <span class='ocrx_word' id='word_1_429' title='bbox 861 3323 957 3385; x_wconf 85' lang='lat' dir='ltr'>rero&#39;’</span> <span class='ocrx_word' id='word_1_430' title='bbox 980 3323 1088 3404; x_wconf 91' lang='lat' dir='ltr'>[Corp.</span> <span class='ocrx_word' id='word_1_431' title='bbox 1112 3322 1164 3386; x_wconf 88' lang='lat' dir='ltr'>ill.</span> <span class='ocrx_word' id='word_1_432' title='bbox 1186 3300 1217 3404; x_wconf 89' lang='lat' dir='ltr'>p.</span> <span class='ocrx_word' id='word_1_433' title='bbox 1239 3319 1321 3401; x_wconf 73' lang='grc'><strong>336,</strong></span> <span class='ocrx_word' id='word_1_434' title='bbox 1349 3324 1401 3389; x_wconf 83' lang='lat' dir='ltr'>lin.</span> <span class='ocrx_word' id='word_1_435' title='bbox 1422 3320 1487 3403; x_wconf 75' lang='lat' dir='ltr'>a]=</span> <span class='ocrx_word' id='word_1_436' title='bbox 1516 3325 1688 3386; x_wconf 81' lang='lat' dir='ltr'>Encominm</span> <span class='ocrx_word' id='word_1_437' title='bbox 1714 3328 1809 3387; x_wconf 84' lang='lat' dir='ltr'>Patris</span> <span class='ocrx_word' id='word_1_438' title='bbox 1829 3328 1872 3387; x_wconf 92' lang='lat' dir='ltr'>tui</span> <span class='ocrx_word' id='word_1_439' title='bbox 1889 3337 1921 3387; x_wconf 89' lang='lat' dir='ltr'>et</span> <span class='ocrx_word' id='word_1_440' title='bbox 1941 3339 2022 3387; x_wconf 81' lang='lat' dir='ltr'>mum</span> <span class='ocrx_word' id='word_1_441' title='bbox 2051 3326 2166 3406; x_wconf 88' lang='lat' dir='ltr'>longius</span> <span class='ocrx_word' id='word_1_442' title='bbox 2192 3331 2385 3410; x_wconf 86' lang='lat' dir='ltr'>institueram,</span> 
     </span>
     <span class='ocr_line' id='line_1_31' title="bbox 365 3409 2384 3497; baseline -0 -20"><span class='ocrx_word' id='word_1_443' title='bbox 365 3418 419 3478; x_wconf 91' lang='lat' dir='ltr'>sed</span> <span class='ocrx_word' id='word_1_444' title='bbox 440 3426 543 3493; x_wconf 88' lang='lat' dir='ltr'>postea</span> <span class='ocrx_word' id='word_1_445' title='bbox 564 3412 700 3469; x_wconf 91' lang='lat' dir='ltr'>mutilare</span> <span class='ocrx_word' id='word_1_446' title='bbox 723 3420 839 3468; x_wconf 90' lang='lat' dir='ltr'>coactus</span> <span class='ocrx_word' id='word_1_447' title='bbox 865 3429 927 3468; x_wconf 90' lang='lat' dir='ltr'>sum</span> <span class='ocrx_word' id='word_1_448' title='bbox 951 3412 1068 3469; x_wconf 91' lang='lat' dir='ltr'>arbitrio</span> <span class='ocrx_word' id='word_1_449' title='bbox 1090 3410 1276 3489; x_wconf 70' lang='lat' dir='ltr'>typographi.</span> <span class='ocrx_word' id='word_1_450' title='bbox 1319 3409 1408 3467; x_wconf 89' lang='lat' dir='ltr'>Tales</span> <span class='ocrx_word' id='word_1_451' title='bbox 1437 3410 1577 3468; x_wconf 89' lang='lat' dir='ltr'>habemus</span> <span class='ocrx_word' id='word_1_452' title='bbox 1597 3413 1778 3497; x_wconf 67' lang='lat' dir='ltr'>Aristarehos</span> <span class='ocrx_word' id='word_1_453' title='bbox 1799 3424 1964 3472; x_wconf 87' lang='lat' dir='ltr'>nostrorum</span> <span class='ocrx_word' id='word_1_454' title='bbox 1992 3413 2181 3490; x_wconf 87' lang='lat' dir='ltr'>scriptorum,</span> <span class='ocrx_word' id='word_1_455' title='bbox 2209 3418 2260 3493; x_wconf 91' lang='lat' dir='ltr'>qni</span> <span class='ocrx_word' id='word_1_456' title='bbox 2280 3428 2384 3494; x_wconf 92' lang='lat' dir='ltr'>aperte</span> 
     </span>
     <span class='ocr_line' id='line_1_32' title="bbox 364 3491 2383 3589; baseline -0.001 -28"><span class='ocrx_word' id='word_1_457' title='bbox 364 3501 471 3561; x_wconf 90' lang='lat' dir='ltr'>mutari</span> <span class='ocrx_word' id='word_1_458' title='bbox 500 3497 667 3578; x_wconf 90' lang='lat' dir='ltr'>postulant,</span> <span class='ocrx_word' id='word_1_459' title='bbox 696 3512 771 3573; x_wconf 88' lang='lat' dir='ltr'>quae</span> <span class='ocrx_word' id='word_1_460' title='bbox 802 3495 920 3571; x_wconf 82' lang='lat' dir='ltr'>volunt,</span> <span class='ocrx_word' id='word_1_461' title='bbox 948 3495 997 3553; x_wconf 90' lang='lat' dir='ltr'>alii</span> <span class='ocrx_word' id='word_1_462' title='bbox 1020 3497 1107 3553; x_wconf 88' lang='lat' dir='ltr'>tacite</span> <span class='ocrx_word' id='word_1_463' title='bbox 1134 3496 1284 3553; x_wconf 87' lang='lat' dir='ltr'>arrodunt.</span> <span class='ocrx_word' id='word_1_464' title='bbox 1305 3525 1349 3538; x_wconf 91' lang='lat'><em>-</em></span> <span class='ocrx_word' id='word_1_465' title='bbox 1392 3495 1473 3553; x_wconf 80' lang='lat' dir='ltr'>Haec</span> <span class='ocrx_word' id='word_1_466' title='bbox 1494 3495 1701 3589; x_wconf 81' lang='lat' dir='ltr'>Melanchthon</span> <span class='ocrx_word' id='word_1_467' title='bbox 1730 3498 1769 3556; x_wconf 91' lang='lat' dir='ltr'>ad</span> <span class='ocrx_word' id='word_1_468' title='bbox 1796 3496 1869 3559; x_wconf 90' lang='lat' dir='ltr'>lust.</span> <span class='ocrx_word' id='word_1_469' title='bbox 1891 3491 1989 3555; x_wconf 84' lang='lat' dir='ltr'>Ionam</span> <span class='ocrx_word' id='word_1_470' title='bbox 2011 3496 2099 3556; x_wconf 89' lang='lat' dir='ltr'>Libro</span> <span class='ocrx_word' id='word_1_471' title='bbox 2119 3500 2157 3558; x_wconf 87' lang='lat' dir='ltr'>V.</span> <span class='ocrx_word' id='word_1_472' title='bbox 2186 3499 2383 3577; x_wconf 84' lang='lat' dir='ltr'>Epistolarum</span> 
     </span>
    </p>
   </div>
   <div class='ocr_carea' id='block_1_6' title="bbox 362 3582 447 3670">
    <p class='ocr_par' dir='ltr' id='par_1_6' title="bbox 362 3582 447 3670">
     <span class='ocr_line' id='line_1_33' title="bbox 362 3582 447 3670; baseline 0 -24"><span class='ocrx_word' id='word_1_473' title='bbox 362 3591 395 3670; x_wconf 73' lang='lat' dir='ltr'>p.</span> <span class='ocrx_word' id='word_1_474' title='bbox 416 3582 447 3646; x_wconf 89' lang='lat' dir='ltr'>a.</span> 
     </span>
    </p>
   </div>
   <div class='ocr_carea' id='block_1_7' title="bbox 362 3675 2389 4203">
    <p class='ocr_par' dir='ltr' id='par_1_7' title="bbox 362 3675 2389 4203">
     <span class='ocr_line' id='line_1_34' title="bbox 490 3675 2389 3783; baseline 0.004 -26"><span class='ocrx_word' id='word_1_475' title='bbox 490 3695 551 3762; x_wconf 80' lang='lat' dir='ltr'>Ad</span> <span class='ocrx_word' id='word_1_476' title='bbox 572 3691 689 3757; x_wconf 77' lang='lat' dir='ltr'>verbu:</span> <span class='ocrx_word' id='word_1_477' title='bbox 711 3708 837 3775; x_wconf 88' lang='lat' dir='ltr'>„tantus</span> <span class='ocrx_word' id='word_1_478' title='bbox 859 3696 1000 3775; x_wconf 89' lang='lat' dir='ltr'>splendor</span> <span class='ocrx_word' id='word_1_479' title='bbox 1023 3697 1052 3754; x_wconf 93' lang='lat' dir='ltr'>in</span> <span class='ocrx_word' id='word_1_480' title='bbox 1076 3698 1138 3755; x_wconf 91' lang='lat' dir='ltr'>eius</span> <span class='ocrx_word' id='word_1_481' title='bbox 1160 3691 1320 3755; x_wconf 88' lang='lat' dir='ltr'>oratione”</span> <span class='ocrx_word' id='word_1_482' title='bbox 1341 3692 1446 3774; x_wconf 89' lang='lat' dir='ltr'>[Corp.</span> <span class='ocrx_word' id='word_1_483' title='bbox 1469 3698 1492 3756; x_wconf 89' lang='lat' dir='ltr'>l.</span> <span class='ocrx_word' id='word_1_484' title='bbox 1515 3698 1536 3756; x_wconf 92' lang='lat' dir='ltr'>l.</span> <span class='ocrx_word' id='word_1_485' title='bbox 1559 3718 1590 3776; x_wconf 89' lang='lat' dir='ltr'>p.</span> <span class='ocrx_word' id='word_1_486' title='bbox 1613 3675 1688 3773; x_wconf 75' lang='lat' dir='ltr'>tiae,</span> <span class='ocrx_word' id='word_1_487' title='bbox 1710 3698 1763 3755; x_wconf 91' lang='lat' dir='ltr'>lin.</span> <span class='ocrx_word' id='word_1_488' title='bbox 1782 3695 1804 3757; x_wconf 78' lang='lat'><strong>5</strong></span> <span class='ocrx_word' id='word_1_489' title='bbox 1825 3683 1903 3778; x_wconf 56' lang='lat' dir='ltr'>sq.]&#39;=</span> <span class='ocrx_word' id='word_1_490' title='bbox 1932 3699 2141 3759; x_wconf 83' lang='lat' dir='ltr'>Melanehthon</span> <span class='ocrx_word' id='word_1_491' title='bbox 2162 3703 2227 3763; x_wconf 85' lang='lat' dir='ltr'>Lib.</span> <span class='ocrx_word' id='word_1_492' title='bbox 2251 3704 2288 3766; x_wconf 85' lang='lat' dir='ltr'>V.</span> <span class='ocrx_word' id='word_1_493' title='bbox 2309 3681 2389 3783; x_wconf 81' lang='lat' dir='ltr'>Epi-</span> 
     </span>
     <span class='ocr_line' id='line_1_35' title="bbox 364 3780 2383 3868; baseline 0 -21"><span class='ocrx_word' id='word_1_494' title='bbox 364 3790 504 3848; x_wconf 91' lang='lat' dir='ltr'>stolarum</span> <span class='ocrx_word' id='word_1_495' title='bbox 526 3807 559 3864; x_wconf 88' lang='lat' dir='ltr'>p.</span> <span class='ocrx_word' id='word_1_496' title='bbox 571 3781 638 3844; x_wconf 74' lang='lat' dir='ltr'>ita:</span> <span class='ocrx_word' id='word_1_497' title='bbox 667 3786 790 3842; x_wconf 86' lang='lat' dir='ltr'>Praeter</span> <span class='ocrx_word' id='word_1_498' title='bbox 810 3783 866 3839; x_wconf 89' lang='lat' dir='ltr'>alia</span> <span class='ocrx_word' id='word_1_499' title='bbox 888 3792 1061 3857; x_wconf 87' lang='lat' dir='ltr'>argumenta</span> <span class='ocrx_word' id='word_1_500' title='bbox 1083 3782 1254 3858; x_wconf 86' lang='lat' dir='ltr'>exemplum</span> <span class='ocrx_word' id='word_1_501' title='bbox 1277 3780 1364 3837; x_wconf 88' lang='lat' dir='ltr'>etiam</span> <span class='ocrx_word' id='word_1_502' title='bbox 1387 3782 1531 3859; x_wconf 89' lang='lat' dir='ltr'>epistolae</span> <span class='ocrx_word' id='word_1_503' title='bbox 1552 3784 1589 3841; x_wconf 91' lang='lat' dir='ltr'>ad</span> <span class='ocrx_word' id='word_1_504' title='bbox 1604 3783 1703 3859; x_wconf 84' lang='lat' dir='ltr'>Reges</span> <span class='ocrx_word' id='word_1_505' title='bbox 1727 3783 1870 3841; x_wconf 84' lang='lat' dir='ltr'>delineari</span> <span class='ocrx_word' id='word_1_506' title='bbox 1893 3784 1931 3842; x_wconf 89' lang='lat' dir='ltr'>de</span> <span class='ocrx_word' id='word_1_507' title='bbox 1953 3788 2134 3845; x_wconf 91' lang='lat' dir='ltr'>recusatione</span> <span class='ocrx_word' id='word_1_508' title='bbox 2155 3789 2283 3866; x_wconf 87' lang='lat' dir='ltr'>concilii,</span> <span class='ocrx_word' id='word_1_509' title='bbox 2305 3791 2383 3868; x_wconf 92' lang='lat' dir='ltr'>quod</span> 
     </span>
     <span class='ocr_line' id='line_1_36' title="bbox 364 3865 2383 3948; baseline 0 -16"><span class='ocrx_word' id='word_1_510' title='bbox 364 3891 429 3932; x_wconf 89' lang='lat' dir='ltr'>cum</span> <span class='ocrx_word' id='word_1_511' title='bbox 452 3872 644 3945; x_wconf 86' lang='lat' dir='ltr'>Witebergae</span> <span class='ocrx_word' id='word_1_512' title='bbox 666 3868 805 3941; x_wconf 89' lang='lat' dir='ltr'>edemus,</span> <span class='ocrx_word' id='word_1_513' title='bbox 826 3886 845 3924; x_wconf 91' lang='lat' dir='ltr'>a</span> <span class='ocrx_word' id='word_1_514' title='bbox 866 3877 896 3926; x_wconf 92' lang='lat' dir='ltr'>te</span> <span class='ocrx_word' id='word_1_515' title='bbox 918 3866 1130 3944; x_wconf 84' lang='lat' dir='ltr'>expoliendum</span> <span class='ocrx_word' id='word_1_516' title='bbox 1159 3876 1190 3924; x_wconf 93' lang='lat' dir='ltr'>et</span> <span class='ocrx_word' id='word_1_517' title='bbox 1211 3865 1435 3923; x_wconf 88' lang='lat' dir='ltr'>illuminandum</span> <span class='ocrx_word' id='word_1_518' title='bbox 1464 3868 1531 3925; x_wconf 89' lang='lat' dir='ltr'>erit.</span> <span class='ocrx_word' id='word_1_519' title='bbox 1574 3868 1700 3925; x_wconf 83' lang='lat' dir='ltr'>Materia</span> <span class='ocrx_word' id='word_1_520' title='bbox 1721 3868 1774 3925; x_wconf 94' lang='lat' dir='ltr'>illa</span> <span class='ocrx_word' id='word_1_521' title='bbox 1795 3887 1897 3926; x_wconf 91' lang='lat' dir='ltr'>sonum</span> <span class='ocrx_word' id='word_1_522' title='bbox 1919 3880 2000 3926; x_wconf 91' lang='lat' dir='ltr'>tuum</span> <span class='ocrx_word' id='word_1_523' title='bbox 2022 3872 2159 3948; x_wconf 88' lang='lat' dir='ltr'>requirit,</span> <span class='ocrx_word' id='word_1_524' title='bbox 2193 3884 2226 3931; x_wconf 95' lang='lat' dir='ltr'>ut</span> <span class='ocrx_word' id='word_1_525' title='bbox 2250 3874 2383 3932; x_wconf 91' lang='lat' dir='ltr'>exaudiri</span> 
     </span>
     <span class='ocr_line' id='line_1_37' title="bbox 362 3950 2382 4037; baseline 0.001 -20"><span class='ocrx_word' id='word_1_526' title='bbox 362 3959 472 4034; x_wconf 86' lang='lat' dir='ltr'>ubique</span> <span class='ocrx_word' id='word_1_527' title='bbox 495 3956 625 4032; x_wconf 89' lang='lat' dir='ltr'>gentium</span> <span class='ocrx_word' id='word_1_528' title='bbox 649 3955 749 4029; x_wconf 88' lang='lat' dir='ltr'>possit.</span> <span class='ocrx_word' id='word_1_529' title='bbox 793 3952 963 4027; x_wconf 81' lang='lat' dir='ltr'>Magnitudo</span> <span class='ocrx_word' id='word_1_530' title='bbox 985 3951 1070 4009; x_wconf 90' lang='lat' dir='ltr'>huius</span> <span class='ocrx_word' id='word_1_531' title='bbox 1091 3968 1210 4010; x_wconf 86' lang='lat' dir='ltr'>caussae</span> <span class='ocrx_word' id='word_1_532' title='bbox 1232 3968 1288 4007; x_wconf 89' lang='lat' dir='ltr'>non</span> <span class='ocrx_word' id='word_1_533' title='bbox 1311 3950 1368 4007; x_wconf 88' lang='lat' dir='ltr'>iam</span> <span class='ocrx_word' id='word_1_534' title='bbox 1391 3962 1510 4027; x_wconf 88' lang='lat' dir='ltr'>argutas</span> <span class='ocrx_word' id='word_1_535' title='bbox 1527 3962 1639 4010; x_wconf 89' lang='lat' dir='ltr'>tautum</span> <span class='ocrx_word' id='word_1_536' title='bbox 1658 3952 1869 4029; x_wconf 88' lang='lat' dir='ltr'>disputationes</span> <span class='ocrx_word' id='word_1_537' title='bbox 1892 3954 2020 4030; x_wconf 88' lang='lat' dir='ltr'>flagitat,</span> <span class='ocrx_word' id='word_1_538' title='bbox 2041 3954 2094 4013; x_wconf 90' lang='lat' dir='ltr'>sed</span> <span class='ocrx_word' id='word_1_539' title='bbox 2115 3957 2194 4013; x_wconf 92' lang='lat' dir='ltr'>illam</span> <span class='ocrx_word' id='word_1_540' title='bbox 2206 3950 2382 4037; x_wconf 73' lang='grc' dir='ltr'><strong><em>δεινότητα</em></strong></span> 
     </span>
     <span class='ocr_line' id='line_1_38' title="bbox 363 4032 2380 4120; baseline -0 -18"><span class='ocrx_word' id='word_1_541' title='bbox 363 4042 421 4102; x_wconf 76' lang='grc' dir='ltr'>καὶ</span> <span class='ocrx_word' id='word_1_542' title='bbox 440 4035 709 4120; x_wconf 74' lang='grc' dir='ltr'>μεγαλοφωνίαν</span> <span class='ocrx_word' id='word_1_543' title='bbox 730 4053 801 4094; x_wconf 88' lang='lat' dir='ltr'>rere</span> <span class='ocrx_word' id='word_1_544' title='bbox 823 4037 988 4094; x_wconf 87' lang='lat' dir='ltr'>oratoriam.</span> <span class='ocrx_word' id='word_1_545' title='bbox 1032 4036 1076 4094; x_wconf 79' lang='lat' dir='ltr'>Ad</span> <span class='ocrx_word' id='word_1_546' title='bbox 1099 4034 1175 4093; x_wconf 90' lang='lat' dir='ltr'>hanc</span> <span class='ocrx_word' id='word_1_547' title='bbox 1195 4048 1310 4111; x_wconf 92' lang='lat' dir='ltr'>partem</span> <span class='ocrx_word' id='word_1_548' title='bbox 1332 4032 1434 4092; x_wconf 87' lang='lat' dir='ltr'>harum</span> <span class='ocrx_word' id='word_1_549' title='bbox 1458 4039 1604 4094; x_wconf 90' lang='lat' dir='ltr'>actionum</span> <span class='ocrx_word' id='word_1_550' title='bbox 1618 4037 1753 4095; x_wconf 88' lang='lat' dir='ltr'>existimo</span> <span class='ocrx_word' id='word_1_551' title='bbox 1775 4037 1911 4095; x_wconf 80' lang='lat' dir='ltr'>divinitus</span> <span class='ocrx_word' id='word_1_552' title='bbox 1933 4049 2014 4095; x_wconf 90' lang='lat' dir='ltr'>tuum</span> <span class='ocrx_word' id='word_1_553' title='bbox 2036 4040 2183 4115; x_wconf 81' lang='lat' dir='ltr'>ingenium</span> <span class='ocrx_word' id='word_1_554' title='bbox 2204 4042 2380 4102; x_wconf 88' lang='lat' dir='ltr'>destinatum</span> 
     </span>
     <span class='ocr_line' id='line_1_39' title="bbox 363 4118 1467 4203; baseline -0.005 -19"><span class='ocrx_word' id='word_1_555' title='bbox 363 4144 446 4203; x_wconf 89' lang='lat' dir='ltr'>esse,</span> <span class='ocrx_word' id='word_1_556' title='bbox 473 4142 568 4203; x_wconf 90' lang='lat' dir='ltr'>eoque</span> <span class='ocrx_word' id='word_1_557' title='bbox 597 4135 628 4181; x_wconf 87' lang='lat' dir='ltr'>te</span> <span class='ocrx_word' id='word_1_558' title='bbox 649 4123 686 4179; x_wconf 90' lang='lat' dir='ltr'>ad</span> <span class='ocrx_word' id='word_1_559' title='bbox 707 4121 875 4179; x_wconf 87' lang='lat' dir='ltr'>societatem</span> <span class='ocrx_word' id='word_1_560' title='bbox 898 4118 1000 4177; x_wconf 92' lang='lat' dir='ltr'>horum</span> <span class='ocrx_word' id='word_1_561' title='bbox 1023 4121 1214 4179; x_wconf 89' lang='lat' dir='ltr'>certaminum</span> <span class='ocrx_word' id='word_1_562' title='bbox 1237 4129 1368 4176; x_wconf 85' lang='lat' dir='ltr'>vocatum</span> <span class='ocrx_word' id='word_1_563' title='bbox 1390 4138 1467 4182; x_wconf 90' lang='lat' dir='ltr'>esse.</span> 
     </span>
    </p>
   </div>
   <div class='ocr_carea' id='block_1_8' title="bbox 368 4217 1979 4326">
    <p class='ocr_par' dir='ltr' id='par_1_8' title="bbox 368 4217 1979 4326">
     <span class='ocr_line' id='line_1_40' title="bbox 368 4217 1979 4326; baseline -0.006 -20"><span class='ocrx_word' id='word_1_564' title='bbox 368 4231 389 4326; x_wconf 25' lang='grc' dir='ltr'>Ἰ</span> <span class='ocrx_word' id='word_1_565' title='bbox 489 4243 704 4305; x_wconf 73' lang='lat' dir='ltr'>Praefationem</span> <span class='ocrx_word' id='word_1_566' title='bbox 726 4240 864 4301; x_wconf 79' lang='lat' dir='ltr'>xxxin.</span> <span class='ocrx_word' id='word_1_567' title='bbox 895 4253 1057 4301; x_wconf 87' lang='lat' dir='ltr'>extremam</span> <span class='ocrx_word' id='word_1_568' title='bbox 1079 4243 1109 4301; x_wconf 93' lang='lat' dir='ltr'>in</span> <span class='ocrx_word' id='word_1_569' title='bbox 1131 4240 1186 4300; x_wconf 91' lang='lat' dir='ltr'>hoo</span> <span class='ocrx_word' id='word_1_570' title='bbox 1206 4217 1345 4301; x_wconf 80' lang='lat' dir='ltr'>Strobelii</span> <span class='ocrx_word' id='word_1_571' title='bbox 1364 4225 1442 4298; x_wconf 77' lang='lat' dir='ltr'>libre</span> <span class='ocrx_word' id='word_1_572' title='bbox 1460 4246 1598 4315; x_wconf 75' lang='lat' dir='ltr'>mnqeam</span> <span class='ocrx_word' id='word_1_573' title='bbox 1620 4237 1778 4313; x_wconf 85' lang='lat' dir='ltr'>Appendix</span> <span class='ocrx_word' id='word_1_574' title='bbox 1800 4248 1979 4314; x_wconf 79' lang='lat' dir='ltr'>sequuntura</span> 
     </span>
    </p>
   </div>
   <div class='ocr_carea' id='block_1_9' title="bbox 842 4410 1891 4574">
    <p class='ocr_par' dir='ltr' id='par_1_9' title="bbox 842 4410 1891 4574">
     <span class='ocr_line' id='line_1_41' title="bbox 1000 4410 1742 4491; baseline -0.009 -19"><span class='ocrx_word' id='word_1_575' title='bbox 1000 4412 1180 4490; x_wconf 87' lang='lat' dir='ltr'>Regolae</span> <span class='ocrx_word' id='word_1_576' title='bbox 1210 4411 1395 4491; x_wconf 87' lang='lat' dir='ltr'>quaedam</span> <span class='ocrx_word' id='word_1_577' title='bbox 1415 4410 1742 4469; x_wconf 88' lang='lat' dir='ltr'>hermeneuticae</span> 
     </span>
     <span class='ocr_line' id='line_1_42' title="bbox 842 4493 1891 4574; baseline -0.004 -19"><span class='ocrx_word' id='word_1_578' title='bbox 842 4513 886 4555; x_wconf 90' lang='lat' dir='ltr'>ex</span> <span class='ocrx_word' id='word_1_579' title='bbox 908 4497 1075 4574; x_wconf 85' lang='lat' dir='ltr'>seriptis</span> <span class='ocrx_word' id='word_1_580' title='bbox 1102 4496 1415 4556; x_wconf 86' lang='lat' dir='ltr'>hielanehthonis</span> <span class='ocrx_word' id='word_1_581' title='bbox 1440 4493 1639 4553; x_wconf 72' lang='lat' dir='ltr'>hincinde</span> <span class='ocrx_word' id='word_1_582' title='bbox 1668 4501 1891 4570; x_wconf 81' lang='lat' dir='ltr'>excerptae.</span> 
     </span>
    </p>
   </div>
   <div class='ocr_carea' id='block_1_10' title="bbox 362 4607 2381 4780">
    <p class='ocr_par' dir='ltr' id='par_1_10' title="bbox 362 4607 2381 4780">
     <span class='ocr_line' id='line_1_43' title="bbox 490 4607 2381 4696; baseline 0 -20"><span class='ocrx_word' id='word_1_583' title='bbox 490 4615 591 4676; x_wconf 82' lang='lat' dir='ltr'>Omnis</span> <span class='ocrx_word' id='word_1_584' title='bbox 611 4618 704 4677; x_wconf 88' lang='lat' dir='ltr'>bouus</span> <span class='ocrx_word' id='word_1_585' title='bbox 723 4616 891 4695; x_wconf 81' lang='lat' dir='ltr'>Tbeologus</span> <span class='ocrx_word' id='word_1_586' title='bbox 912 4625 944 4674; x_wconf 91' lang='lat' dir='ltr'>et</span> <span class='ocrx_word' id='word_1_587' title='bbox 963 4614 1060 4674; x_wconf 86' lang='lat' dir='ltr'>tidelis</span> <span class='ocrx_word' id='word_1_588' title='bbox 1086 4616 1235 4693; x_wconf 88' lang='lat' dir='ltr'>interpres</span> <span class='ocrx_word' id='word_1_589' title='bbox 1262 4614 1414 4672; x_wconf 85' lang='lat' dir='ltr'>doctrinae</span> <span class='ocrx_word' id='word_1_590' title='bbox 1435 4607 1571 4673; x_wconf 78' lang='lat' dir='ltr'>coelestis</span> <span class='ocrx_word' id='word_1_591' title='bbox 1601 4611 1765 4669; x_wconf 90' lang='lat' dir='ltr'>necessario</span> <span class='ocrx_word' id='word_1_592' title='bbox 1798 4627 1865 4670; x_wconf 90' lang='lat' dir='ltr'>esse</span> <span class='ocrx_word' id='word_1_593' title='bbox 1892 4610 1982 4671; x_wconf 90' lang='lat' dir='ltr'>debet</span> <span class='ocrx_word' id='word_1_594' title='bbox 2010 4612 2138 4688; x_wconf 90' lang='lat' dir='ltr'>primum</span> <span class='ocrx_word' id='word_1_595' title='bbox 2158 4615 2381 4696; x_wconf 86' lang='lat' dir='ltr'>Grammaticus,</span> 
     </span>
     <span class='ocr_line' id='line_1_44' title="bbox 362 4700 964 4780; baseline -0.007 -15"><span class='ocrx_word' id='word_1_596' title='bbox 362 4704 473 4765; x_wconf 79' lang='lat' dir='ltr'>deinde</span> <span class='ocrx_word' id='word_1_597' title='bbox 493 4700 688 4777; x_wconf 85' lang='lat' dir='ltr'>Dialectieus,</span> <span class='ocrx_word' id='word_1_598' title='bbox 721 4702 851 4780; x_wconf 88' lang='lat' dir='ltr'>denique</span> <span class='ocrx_word' id='word_1_599' title='bbox 873 4702 964 4761; x_wconf 87' lang='lat' dir='ltr'>tastis.</span> 
     </span>
    </p>
   </div>
   <div class='ocr_carea' id='block_1_11' title="bbox 492 4814 1819 4897">
    <p class='ocr_par' dir='ltr' id='par_1_11' title="bbox 492 4814 1819 4897">
     <span class='ocr_line' id='line_1_45' title="bbox 492 4814 1819 4897; baseline -0.005 -18"><span class='ocrx_word' id='word_1_600' title='bbox 492 4821 558 4879; x_wconf 87' lang='lat' dir='ltr'>Non</span> <span class='ocrx_word' id='word_1_601' title='bbox 582 4829 678 4896; x_wconf 89' lang='lat' dir='ltr'>potest</span> <span class='ocrx_word' id='word_1_602' title='bbox 699 4816 849 4897; x_wconf 82' lang='lat' dir='ltr'>Scriptura</span> <span class='ocrx_word' id='word_1_603' title='bbox 869 4819 997 4895; x_wconf 89' lang='lat' dir='ltr'>intelligi</span> <span class='ocrx_word' id='word_1_604' title='bbox 1018 4817 1198 4895; x_wconf 89' lang='lat' dir='ltr'>theologice,</span> <span class='ocrx_word' id='word_1_605' title='bbox 1227 4816 1282 4874; x_wconf 90' lang='lat' dir='ltr'>uisi</span> <span class='ocrx_word' id='word_1_606' title='bbox 1301 4823 1371 4873; x_wconf 89' lang='lat' dir='ltr'>aute</span> <span class='ocrx_word' id='word_1_607' title='bbox 1391 4815 1542 4873; x_wconf 87' lang='lat' dir='ltr'>intellecta</span> <span class='ocrx_word' id='word_1_608' title='bbox 1562 4814 1600 4872; x_wconf 87' lang='lat' dir='ltr'>sit&#39;</span> <span class='ocrx_word' id='word_1_609' title='bbox 1621 4815 1819 4891; x_wconf 85' lang='lat' dir='ltr'>grammatice.</span> 
     </span>
    </p>
   </div>
   <div class='ocr_carea' id='block_1_12' title="bbox 361 4933 2380 5089">
    <p class='ocr_par' dir='ltr' id='par_1_12' title="bbox 361 4933 2380 5089">
     <span class='ocr_line' id='line_1_46' title="bbox 394 4933 2380 5087; baseline 0.002 -89"><span class='ocrx_word' id='word_1_610' title='bbox 394 5027 441 5087; x_wconf 76' lang='lat' dir='ltr'>hl</span> <span class='ocrx_word' id='word_1_611' title='bbox 490 4938 598 4998; x_wconf 76' lang='lat' dir='ltr'>Melius</span> <span class='ocrx_word' id='word_1_612' title='bbox 626 4956 674 4997; x_wconf 90' lang='lat' dir='ltr'>res</span> <span class='ocrx_word' id='word_1_613' title='bbox 704 4939 861 5015; x_wconf 83' lang='lat' dir='ltr'>expeditur</span> <span class='ocrx_word' id='word_1_614' title='bbox 888 4938 1076 5015; x_wconf 87' lang='lat' dir='ltr'>grammatica</span> <span class='ocrx_word' id='word_1_615' title='bbox 1103 4953 1140 4993; x_wconf 87' lang='lat' dir='ltr'>ex</span> <span class='ocrx_word' id='word_1_616' title='bbox 1170 4936 1329 5013; x_wconf 88' lang='lat' dir='ltr'>graecismo</span> <span class='ocrx_word' id='word_1_617' title='bbox 1350 4944 1402 4994; x_wconf 86' lang='lat' dir='ltr'>aut</span> <span class='ocrx_word' id='word_1_618' title='bbox 1430 4934 1592 4993; x_wconf 90' lang='lat' dir='ltr'>hebraismo</span> <span class='ocrx_word' id='word_1_619' title='bbox 1621 4933 1834 5013; x_wconf 85' lang='lat' dir='ltr'>explicatione,</span> <span class='ocrx_word' id='word_1_620' title='bbox 1862 4952 1949 5013; x_wconf 89' lang='lat' dir='ltr'>quam</span> <span class='ocrx_word' id='word_1_621' title='bbox 1970 4936 2129 4996; x_wconf 88' lang='lat' dir='ltr'>subtilitate</span> <span class='ocrx_word' id='word_1_622' title='bbox 2158 4938 2380 5021; x_wconf 88' lang='lat' dir='ltr'>philosophandi</span> 
     </span>
     <span class='ocr_line' id='line_1_47' title="bbox 361 5023 1386 5089; baseline -0.005 0"><span class='ocrx_word' id='word_1_623' title='bbox 361 5048 393 5089; x_wconf 86' lang='lat' dir='ltr'>sc</span> <span class='ocrx_word' id='word_1_624' title='bbox 413 5048 431 5085; x_wconf 96' lang='lat' dir='ltr'>o</span> <span class='ocrx_word' id='word_1_625' title='bbox 444 5025 542 5084; x_wconf 83' lang='lat' dir='ltr'>astice.</span> <span class='ocrx_word' id='word_1_626' title='bbox 1378 5023 1386 5037; x_wconf 85' lang='lat'><strong>&#39;</strong></span> 
     </span>
    </p>
   </div>
   <div class='ocr_carea' id='block_1_13' title="bbox 361 5135 2379 5303">
    <p class='ocr_par' dir='ltr' id='par_1_13' title="bbox 361 5135 2379 5303">
     <span class='ocr_line' id='line_1_48' title="bbox 490 5135 2376 5224; baseline 0.004 -24"><span class='ocrx_word' id='word_1_627' title='bbox 490 5141 586 5199; x_wconf 87' lang='lat' dir='ltr'>Nemo</span> <span class='ocrx_word' id='word_1_628' title='bbox 610 5140 648 5197; x_wconf 95' lang='lat' dir='ltr'>de</span> <span class='ocrx_word' id='word_1_629' title='bbox 671 5147 774 5196; x_wconf 88' lang='lat' dir='ltr'>natura</span> <span class='ocrx_word' id='word_1_630' title='bbox 794 5141 935 5200; x_wconf 89' lang='lat' dir='ltr'>sermonis</span> <span class='ocrx_word' id='word_1_631' title='bbox 956 5151 987 5199; x_wconf 90' lang='lat' dir='ltr'>et</span> <span class='ocrx_word' id='word_1_632' title='bbox 1009 5138 1048 5198; x_wconf 92' lang='lat' dir='ltr'>de</span> <span class='ocrx_word' id='word_1_633' title='bbox 1070 5139 1170 5217; x_wconf 88' lang='lat' dir='ltr'>liguris</span> <span class='ocrx_word' id='word_1_634' title='bbox 1191 5137 1321 5197; x_wconf 89' lang='lat' dir='ltr'>indicare</span> <span class='ocrx_word' id='word_1_635' title='bbox 1342 5137 1469 5216; x_wconf 88' lang='lat' dir='ltr'>poterit,</span> <span class='ocrx_word' id='word_1_636' title='bbox 1490 5138 1545 5195; x_wconf 93' lang='lat' dir='ltr'>nisi</span> <span class='ocrx_word' id='word_1_637' title='bbox 1566 5135 1673 5215; x_wconf 90' lang='lat' dir='ltr'>legerit</span> <span class='ocrx_word' id='word_1_638' title='bbox 1696 5137 1896 5216; x_wconf 87' lang='lat' dir='ltr'>eloquentium</span> <span class='ocrx_word' id='word_1_639' title='bbox 1912 5137 2060 5198; x_wconf 92' lang='lat' dir='ltr'>hominnm</span> <span class='ocrx_word' id='word_1_640' title='bbox 2074 5143 2196 5220; x_wconf 88' lang='lat' dir='ltr'>scripta,</span> <span class='ocrx_word' id='word_1_641' title='bbox 2216 5144 2376 5224; x_wconf 86' lang='lat' dir='ltr'>Ciceronis,</span> 
     </span>
     <span class='ocr_line' id='line_1_49' title="bbox 361 5222 2379 5303; baseline 0.003 -20"><span class='ocrx_word' id='word_1_642' title='bbox 361 5228 455 5303; x_wconf 80' lang='lat' dir='ltr'>Lisii,</span> <span class='ocrx_word' id='word_1_643' title='bbox 476 5225 609 5303; x_wconf 73' lang='lat' dir='ltr'>Virgilii,</span> <span class='ocrx_word' id='word_1_644' title='bbox 629 5223 781 5298; x_wconf 88' lang='lat' dir='ltr'>Terentii,</span> <span class='ocrx_word' id='word_1_645' title='bbox 802 5222 917 5302; x_wconf 80' lang='lat' dir='ltr'>Ovidii,</span> <span class='ocrx_word' id='word_1_646' title='bbox 936 5225 1120 5293; x_wconf 87' lang='lat' dir='ltr'>Quintiliani.</span> <span class='ocrx_word' id='word_1_647' title='bbox 1162 5222 1298 5282; x_wconf 67' lang='lat' dir='ltr'>addendi</span> <span class='ocrx_word' id='word_1_648' title='bbox 1318 5234 1387 5281; x_wconf 91' lang='lat' dir='ltr'>sunt</span> <span class='ocrx_word' id='word_1_649' title='bbox 1401 5232 1433 5281; x_wconf 91' lang='lat' dir='ltr'>et</span> <span class='ocrx_word' id='word_1_650' title='bbox 1444 5222 1569 5293; x_wconf 89' lang='lat' dir='ltr'>Graeci,</span> <span class='ocrx_word' id='word_1_651' title='bbox 1592 5224 1754 5297; x_wconf 82' lang='lat' dir='ltr'>Homerus,</span> <span class='ocrx_word' id='word_1_652' title='bbox 1776 5222 1951 5300; x_wconf 82' lang='lat' dir='ltr'>Herodotus,</span> <span class='ocrx_word' id='word_1_653' title='bbox 1970 5226 2200 5300; x_wconf 89' lang='lat' dir='ltr'>Demosthenes,</span> <span class='ocrx_word' id='word_1_654' title='bbox 2222 5228 2379 5295; x_wconf 68' lang='lat' dir='ltr'>Lucienus:</span> 
     </span>
    </p>
   </div>
   <div class='ocr_carea' id='block_1_14' title="bbox 362 5325 2379 5510">
    <p class='ocr_par' dir='ltr' id='par_1_14' title="bbox 362 5325 2379 5510">
     <span class='ocr_line' id='line_1_50' title="bbox 492 5325 2379 5425; baseline -0.002 -22"><span class='ocrx_word' id='word_1_655' title='bbox 492 5325 608 5402; x_wconf 79' lang='lat' dir='ltr'>Donum</span> <span class='ocrx_word' id='word_1_656' title='bbox 630 5341 879 5418; x_wconf 88' lang='lat' dir='ltr'>interpretationis</span> <span class='ocrx_word' id='word_1_657' title='bbox 901 5354 947 5402; x_wconf 91' lang='lat' dir='ltr'>est</span> <span class='ocrx_word' id='word_1_658' title='bbox 968 5354 1081 5403; x_wconf 88' lang='lat' dir='ltr'>tantum</span> <span class='ocrx_word' id='word_1_659' title='bbox 1104 5359 1198 5421; x_wconf 90' lang='lat' dir='ltr'>penes</span> <span class='ocrx_word' id='word_1_660' title='bbox 1219 5359 1287 5418; x_wconf 90' lang='lat' dir='ltr'>eos,</span> <span class='ocrx_word' id='word_1_661' title='bbox 1308 5342 1359 5419; x_wconf 86' lang='lat' dir='ltr'>qni</span> <span class='ocrx_word' id='word_1_662' title='bbox 1378 5340 1476 5400; x_wconf 84' lang='lat' dir='ltr'>tontes</span> <span class='ocrx_word' id='word_1_663' title='bbox 1497 5358 1589 5418; x_wconf 87' lang='lat' dir='ltr'>saepe</span> <span class='ocrx_word' id='word_1_664' title='bbox 1611 5342 1733 5420; x_wconf 87' lang='lat' dir='ltr'>legunt,</span> <span class='ocrx_word' id='word_1_665' title='bbox 1755 5342 1910 5421; x_wconf 89' lang='lat' dir='ltr'>relegunt,</span> <span class='ocrx_word' id='word_1_666' title='bbox 1934 5342 2104 5422; x_wconf 81' lang='lat' dir='ltr'>conserunt,</span> <span class='ocrx_word' id='word_1_667' title='bbox 2130 5347 2318 5425; x_wconf 87' lang='lat' dir='ltr'>expendunt,</span> <span class='ocrx_word' id='word_1_668' title='bbox 2348 5359 2379 5408; x_wconf 72' lang='lat' dir='ltr'>at</span> 
     </span>
     <span class='ocr_line' id='line_1_51' title="bbox 362 5425 855 5510; baseline -0.024 -18"><span class='ocrx_word' id='word_1_669' title='bbox 362 5432 414 5510; x_wconf 80' lang='lat' dir='ltr'>qni</span> <span class='ocrx_word' id='word_1_670' title='bbox 433 5430 551 5506; x_wconf 89' lang='lat' dir='ltr'>pietatis</span> <span class='ocrx_word' id='word_1_671' title='bbox 570 5428 714 5487; x_wconf 88' lang='lat' dir='ltr'>exercitia</span> <span class='ocrx_word' id='word_1_672' title='bbox 733 5425 855 5486; x_wconf 88' lang='lat' dir='ltr'>addunt.</span> 
     </span>
    </p>
   </div>
   <div class='ocr_carea' id='block_1_15' title="bbox 493 5542 1974 5625">
    <p class='ocr_par' dir='ltr' id='par_1_15' title="bbox 493 5542 1974 5625">
     <span class='ocr_line' id='line_1_52' title="bbox 493 5542 1974 5625; baseline 0.003 -23"><span class='ocrx_word' id='word_1_673' title='bbox 493 5545 572 5604; x_wconf 87' lang='lat' dir='ltr'>Libri</span> <span class='ocrx_word' id='word_1_674' title='bbox 593 5542 806 5623; x_wconf 87' lang='lat' dir='ltr'>Prophetarum</span> <span class='ocrx_word' id='word_1_675' title='bbox 828 5553 860 5601; x_wconf 90' lang='lat' dir='ltr'>et</span> <span class='ocrx_word' id='word_1_676' title='bbox 881 5544 1082 5621; x_wconf 80' lang='lat' dir='ltr'>Apostolorum</span> <span class='ocrx_word' id='word_1_677' title='bbox 1106 5546 1170 5603; x_wconf 89' lang='lat' dir='ltr'>sine</span> <span class='ocrx_word' id='word_1_678' title='bbox 1192 5544 1314 5619; x_wconf 91' lang='lat' dir='ltr'>litteris,</span> <span class='ocrx_word' id='word_1_679' title='bbox 1340 5545 1406 5603; x_wconf 90' lang='lat' dir='ltr'>sine</span> <span class='ocrx_word' id='word_1_680' title='bbox 1427 5544 1592 5604; x_wconf 88' lang='lat' dir='ltr'>eruditione</span> <span class='ocrx_word' id='word_1_681' title='bbox 1613 5563 1671 5602; x_wconf 92' lang='lat' dir='ltr'>non</span> <span class='ocrx_word' id='word_1_682' title='bbox 1692 5557 1813 5625; x_wconf 89' lang='lat' dir='ltr'>possunt</span> <span class='ocrx_word' id='word_1_683' title='bbox 1834 5547 1974 5607; x_wconf 88' lang='lat' dir='ltr'>enarrari.</span> 
     </span>
    </p>
   </div>
   <div class='ocr_carea' id='block_1_16' title="bbox 362 5661 2377 5986">
    <p class='ocr_par' dir='ltr' id='par_1_16' title="bbox 362 5661 2377 5986">
     <span class='ocr_line' id='line_1_53' title="bbox 491 5661 2377 5746; baseline 0.003 -25"><span class='ocrx_word' id='word_1_684' title='bbox 491 5664 554 5721; x_wconf 87' lang='lat' dir='ltr'>Etsi</span> <span class='ocrx_word' id='word_1_685' title='bbox 576 5671 766 5719; x_wconf 88' lang='lat' dir='ltr'>monumenta</span> <span class='ocrx_word' id='word_1_686' title='bbox 788 5661 990 5737; x_wconf 83' lang='lat' dir='ltr'>Apostolorum</span> <span class='ocrx_word' id='word_1_687' title='bbox 1013 5680 1118 5739; x_wconf 87' lang='lat' dir='ltr'>graece</span> <span class='ocrx_word' id='word_1_688' title='bbox 1139 5662 1246 5739; x_wconf 87' lang='lat' dir='ltr'>scripta</span> <span class='ocrx_word' id='word_1_689' title='bbox 1267 5670 1350 5737; x_wconf 88' lang='lat' dir='ltr'>sunt,</span> <span class='ocrx_word' id='word_1_690' title='bbox 1371 5672 1469 5722; x_wconf 87' lang='lat' dir='ltr'>tamen</span> <span class='ocrx_word' id='word_1_691' title='bbox 1491 5682 1557 5722; x_wconf 88' lang='lat' dir='ltr'>cnm</span> <span class='ocrx_word' id='word_1_692' title='bbox 1579 5680 1697 5740; x_wconf 90' lang='lat' dir='ltr'>semper</span> <span class='ocrx_word' id='word_1_693' title='bbox 1718 5662 1848 5721; x_wconf 89' lang='lat' dir='ltr'>adscitae</span> <span class='ocrx_word' id='word_1_694' title='bbox 1861 5664 1981 5743; x_wconf 89' lang='lat' dir='ltr'>linguae</span> <span class='ocrx_word' id='word_1_695' title='bbox 2003 5665 2133 5726; x_wconf 81' lang='lat' dir='ltr'>reserant</span> <span class='ocrx_word' id='word_1_696' title='bbox 2153 5667 2279 5745; x_wconf 92' lang='lat' dir='ltr'>aliquem</span> <span class='ocrx_word' id='word_1_697' title='bbox 2293 5669 2377 5746; x_wconf 89' lang='lat' dir='ltr'>quasi</span> 
     </span>
     <span class='ocr_line' id='line_1_54' title="bbox 368 5746 2377 5827; baseline 0.002 -20"><span class='ocrx_word' id='word_1_698' title='bbox 368 5766 484 5807; x_wconf 83' lang='lat' dir='ltr'>snorum</span> <span class='ocrx_word' id='word_1_699' title='bbox 508 5749 639 5822; x_wconf 77' lang='lat' dir='ltr'>nativae,</span> <span class='ocrx_word' id='word_1_700' title='bbox 660 5748 785 5805; x_wconf 77' lang='lat' dir='ltr'>sermoru</span> <span class='ocrx_word' id='word_1_701' title='bbox 808 5763 915 5820; x_wconf 83' lang='lat' dir='ltr'>graeco</span> <span class='ocrx_word' id='word_1_702' title='bbox 937 5746 1046 5804; x_wconf 88' lang='lat' dir='ltr'>multae</span> <span class='ocrx_word' id='word_1_703' title='bbox 1068 5756 1135 5805; x_wconf 93' lang='lat' dir='ltr'>sunt</span> <span class='ocrx_word' id='word_1_704' title='bbox 1155 5747 1277 5825; x_wconf 87' lang='lat' dir='ltr'>phrases</span> <span class='ocrx_word' id='word_1_705' title='bbox 1300 5757 1332 5805; x_wconf 91' lang='lat' dir='ltr'>et</span> <span class='ocrx_word' id='word_1_706' title='bbox 1352 5746 1465 5827; x_wconf 79' lang='lat' dir='ltr'>figurae</span> <span class='ocrx_word' id='word_1_707' title='bbox 1486 5749 1619 5808; x_wconf 77' lang='lat' dir='ltr'>ebrstme</span> <span class='ocrx_word' id='word_1_708' title='bbox 1638 5748 1806 5824; x_wconf 87' lang='lat' dir='ltr'>admixtae,</span> <span class='ocrx_word' id='word_1_709' title='bbox 1834 5767 1910 5826; x_wconf 88' lang='lat' dir='ltr'>quae</span> <span class='ocrx_word' id='word_1_710' title='bbox 1931 5761 1964 5809; x_wconf 94' lang='lat' dir='ltr'>ut</span> <span class='ocrx_word' id='word_1_711' title='bbox 1984 5762 2065 5810; x_wconf 88' lang='lat' dir='ltr'>recte</span> <span class='ocrx_word' id='word_1_712' title='bbox 2086 5761 2117 5810; x_wconf 92' lang='lat' dir='ltr'>et</span> <span class='ocrx_word' id='word_1_713' title='bbox 2137 5750 2244 5811; x_wconf 89' lang='lat' dir='ltr'>dextre</span> <span class='ocrx_word' id='word_1_714' title='bbox 2264 5752 2377 5813; x_wconf 89' lang='lat' dir='ltr'>intelli·</span> 
     </span>
     <span class='ocr_line' id='line_1_55' title="bbox 362 5830 1967 5986; baseline 0.001 -95"><span class='ocrx_word' id='word_1_715' title='bbox 362 5844 486 5911; x_wconf 78' lang='lat' dir='ltr'>gantur,</span> <span class='ocrx_word' id='word_1_716' title='bbox 513 5832 609 5891; x_wconf 84' lang='lat' dir='ltr'>studio</span> <span class='ocrx_word' id='word_1_717' title='bbox 631 5832 747 5908; x_wconf 83' lang='lat' dir='ltr'>linguae</span> <span class='ocrx_word' id='word_1_718' title='bbox 768 5832 903 5890; x_wconf 87' lang='lat' dir='ltr'>ebraiose</span> <span class='ocrx_word' id='word_1_719' title='bbox 923 5830 954 5887; x_wconf 90' lang='lat' dir='ltr'>in</span> <span class='ocrx_word' id='word_1_720' title='bbox 975 5830 1105 5890; x_wconf 60' lang='lat' dir='ltr'>Restm·</span> <span class='ocrx_word' id='word_1_721' title='bbox 1124 5831 1247 5891; x_wconf 83' lang='lat' dir='ltr'>colenda</span> <span class='ocrx_word' id='word_1_722' title='bbox 1266 5841 1344 5891; x_wconf 81' lang='lat' dir='ltr'>sust</span> <span class='ocrx_word' id='word_1_723' title='bbox 1884 5914 1934 5986; x_wconf 69' lang='lat'>5⁰</span> <span class='ocrx_word' id='word_1_724' title='bbox 1948 5915 1967 5951; x_wconf 56' lang='grc'><strong>.</strong></span> 
     </span>
    </p>
   </div>
   <div class='ocr_carea' id='block_1_17' title="bbox 0 0 2772 6700">
    <p class='ocr_par' dir='ltr' id='par_1_17' title="bbox 0 0 2772 6700">
     <span class='ocr_line' id='line_1_56' title="bbox 0 0 2772 6700; baseline 0 0"><span class='ocrx_word' id='word_1_725' title='bbox 0 0 2772 6700; x_wconf 95' lang='lat' dir='ltr'> </span> 
     </span>
    </p>
   </div>
  </div>
 </body>
</html>
