5534 6700
423 587 501 665 699
968 639 971 653 ·
1042 584 1169 660 l’lllla.
1194 586 1306 663 ttffl.
1334 586 1538 660 SCRlP'l'A
1570 583 1841 658 lllS'l'OlthA.
2388 585 2469 664 5⁰0

425 759 731 835 esseGermaniae
748 760 1058 854 tranquillitatem,
1081 760 1293 830 Pannoniae
1310 774 1418 855 atque
1444 804 1447 847 ;
1470 759 1616 851 dignam
1640 759 1710 828 isto
1730 781 1879 848 genere,
1918 769 1955 825 et
1976 755 2107 837 audio,
2141 758 2343 827 modestum
2366 761 2466 851 inge-

426 861 550 957 ltaliae
566 865 729 934 salutem.
1444 878 1447 955 ξ
1471 863 1571 930 nicam
1593 885 1683 930 esse:
1711 873 1832 930 tamen
1847 859 1878 930 si
1893 859 1973 953 quis
1987 857 2166 928 existimet
2183 859 2222 925 in
2239 862 2465 933 adolescente

529 966 577 1034 At
600 978 724 1033 contra
755 965 785 1033 si
816 965 1027 1056 elegerimus
1051 964 1273 1058 Hispanum,
1309 964 1418 1059 quam
1444 960 1448 1067 ξ
1472 964 1629 1056 conspici
1644 987 1747 1054 posse
1764 987 1823 1033 eas
1841 964 2009 1044 virtutes,
2041 984 2134 1055 quae
2152 961 2191 1028 in
2205 985 2349 1034 summo
2365 968 2466 1057 prin-

429 1082 533 1139 atrox
557 1067 690 1136 bellum
714 1068 914 1139 accendetis
932 1068 970 1136 in
988 1064 1110 1150 ltalia,
1141 1069 1188 1137 ad
1206 1091 1420 1159 recuperan-
1444 1072 1448 1145 ἶ
1472 1067 1549 1158 cipe
1574 1067 1672 1135 orbis
1695 1079 1872 1136 terrarum
1897 1087 1939 1133 ac
1964 1067 2053 1133 duce
2076 1065 2386 1154 praestantissimo
2411 1093 2468 1137 re·

429 1172 514 1241 dum
539 1168 805 1240 Mediolanum!
855 1168 934 1242 Etsi
953 1182 1072 1239 autem
1096 1170 1224 1243 incerti
1243 1182 1326 1240 sunt
1349 1169 1421 1239 exi·
1445 1160 1448 1249 Ξ
1473 1169 1684 1265 quiruntur,
1717 1181 1824 1237 errat.
1886 1165 1987 1258 Opus
2010 1178 2063 1235 est
2087 1166 2167 1235 orbi
2191 1179 2371 1239 terrarum
2394 1171 2467 1264 pri·

428 1282 486 1343 tus
503 1272 698 1342 bellorum:
733 1285 856 1341 tamen
879 1286 920 1343 ut
941 1276 1087 1340 tandem
1111 1274 1157 1343 sit
1180 1274 1324 1343 lortuna
1351 1269 1421 1340 lm·
1445 1266 1450 1361 l,
1472 1297 1571 1341 mum
1597 1271 1659 1339 tali
1683 1270 1864 1362 principe,
1891 1270 1955 1362 qui
1968 1268 2145 1361 sapientia
2165 1282 2201 1338 et
2216 1274 2466 1344 moderatione

426 1373 518 1469 perii
547 1373 733 1466 superior,
766 1374 829 1445 diu
849 1371 969 1445 trahet
989 1375 1122 1445 bellum
1148 1374 1348 1467 Hispanus,
1381 1387 1423 1445 ut
1446 1372 1449 1425 i
1473 1397 1535 1445 sua
1552 1375 1717 1442 emendet
1731 1371 1939 1444 Ecclesiam.
1991 1370 2180 1463 Sapienter
2195 1373 2290 1443 enim
2312 1375 2467 1468 Mogon-

427 1478 519 1549 solet
541 1477 749 1548 assiduitate
764 1477 926 1562 vincere,
953 1502 1028 1545 non
1043 1475 1206 1547 Achilleo
1224 1501 1324 1547 more
1338 1502 1422 1570 pro·
1446 1462 1449 1509 ¹
1473 1477 1569 1546 tinus
1591 1478 1636 1545 de
1657 1475 1832 1566 religione
1856 1487 1891 1543 et
1917 1477 1961 1545 de
1977 1474 2267 1566 impendentibus
2284 1475 2465 1551 Ecclesiae

428 1603 579 1673 perans,
612 1593 653 1651 ut
676 1580 760 1650 totis
781 1581 917 1651 viribus
941 1581 1097 1651 dimicet.
1156 1578 1293 1652 Interea
1319 1577 1423 1649 ltalia
1474 1579 1685 1649 tumultibus
1710 1578 1849 1649 locutus
1874 1590 1946 1662 est,
1980 1601 2135 1673 quorum
2159 1601 2282 1670 sparsa
2308 1596 2390 1652 sunt
2411 1607 2464 1652 se·

429 1683 627 1754 vastabitur
642 1683 845 1754 crudeliter.
885 1683 961 1755 Nos
977 1684 1141 1776 occupati
1157 1686 1264 1754 rebus
1279 1681 1422 1767 ltalicis,
1446 1662 1450 1755 l
1474 1682 1585 1751 mina.
1628 1681 1709 1751 Scio
1728 1695 1846 1751 autem
1866 1678 2000 1772 Regem
2017 1678 2248 1751 Franciscum
2265 1707 2341 1753 non
2355 1686 2466 1753 modo

430 1783 588 1855 'l'urcam
621 1811 696 1854 non
724 1786 922 1877 poterimus
949 1809 1083 1856 arcere.
1143 1785 1240 1856 Haec
1262 1786 1421 1879 pericula
1446 1776 1450 1859 l
1473 1784 1646 1874 singulari
1667 1784 1875 1853 dexteritate
1896 1783 2050 1874 ingenii,
2081 1796 2115 1852 et
2134 1786 2325 1875 prudentia
2352 1787 2390 1855 in
2413 1789 2466 1857 iu-

430 1887 549 1959 nescio
576 1913 639 1958 cur
662 1900 917 1973 extenuentur,
959 1913 1051 1983 quae
1079 1890 1124 1957 ad
1151 1902 1266 1959 totum
1296 1889 1421 1957 orbem
1474 1888 1627 1959 dicando
1652 1888 1855 1978 praeditum
1880 1911 1971 1966 esse;
2008 1887 2070 1957 sed
2094 1887 2201 1955 etiam
2224 1890 2269 1957 de
2292 1889 2467 1981 religione

429 2005 608 2061 terrarum
624 1991 823 2082 pertinent,
848 2017 929 2061 cum
945 2015 964 2059 e
980 1991 1126 2082 regione
1143 2004 1217 2061 tam
1234 1991 1424 2083 diligenter
1474 2014 1555 2060 cum
1587 1989 1800 2060 doctissimis
1830 1986 2038 2060 hominihus
2065 1990 2177 2059 multa
2205 1991 2320 2060 solere
2344 1993 2469 2083 dispu-

431 2092 646 2184 colligantur
669 2106 704 2162 et
728 2095 991 2185 amplificentur
1012 2094 1192 2186 pericula,
1219 2119 1311 2188 quae
1327 2093 1424 2164 Galli
1474 2104 1569 2174 tare,
1592 2093 1704 2161 multa
1722 2093 1838 2184 ipsum
1855 2094 1983 2183 legere.
2034 2091 2082 2161 Et
2099 2092 2264 2184 intelligit
2278 2088 2372 2163 banc
2389 2119 2468 2164 esse

432 2194 641 2277 electionem
667 2195 833 2265 comitari
856 2197 1045 2280 videntur,
1072 2221 1164 2290 quae
1184 2210 1305 2266 tamen
1323 2209 1359 2265 et
1374 2196 1424 2265 le·
1474 2219 1652 2265 summam
1678 2196 1820 2264 laudem
1843 2195 1965 2287 magni
1987 2195 2179 2287 principis,
2213 2209 2350 2265 utnon
2374 2196 2467 2267 desit

432 2296 533 2366 viora
558 2311 593 2368 et
617 2299 753 2368 incerta
779 2313 874 2370 sunt.
924 2297 1017 2369 lllud
1039 2313 1175 2368 certum
1202 2312 1274 2382 est,
1299 2298 1423 2367 ltaliae
1474 2311 1569 2367 recte
1584 2298 1853 2368 constituendae
1869 2296 2059 2367 Ecclesiae.
2111 2296 2250 2366 Deinde
2266 2292 2358 2367 baec
2376 2312 2467 2367 tem-

432 2396 642 2471 borrihilem
680 2402 881 2471 vastitatem
917 2402 1122 2497 denuntiari
1156 2402 1328 2471 electione
1360 2400 1425 2468 lli·
1475 2423 1563 2491 pora
1580 2401 1769 2494 requirunt
1783 2403 1908 2470 ducem
1923 2400 2092 2492 peritum,
2119 2425 2252 2484 acrem,
2278 2413 2315 2469 et
2327 2401 2466 2471 felicem

432 2504 555 2599 spani;
594 2505 753 2573 futurum
784 2503 913 2587 etiam,
945 2517 985 2573 ut
1006 2503 1118 2574 Turci
1139 2503 1275 2572 interea
1301 2503 1424 2595 oppri-
1475 2502 1650 2573 inarmis.
1702 2502 1779 2572 llac
1802 2505 1841 2572 in
1865 2528 1904 2573 re
1925 2528 2001 2572 non
2025 2502 2185 2572 indolem
2207 2503 2245 2571 in
2260 2501 2467 2588 Francisco,

432 2619 535 2675 mant
552 2605 770 2676 Pannonias.
821 2604 921 2678 Nihil
939 2606 1055 2675 dicam
1077 2608 1121 2675 de
1140 2606 1236 2676 exitu
1252 2606 1335 2677 belli
1353 2602 1425 2674 lta·
1475 2608 1536 2674 sed
1560 2617 1755 2696 spectatam
1781 2606 1852 2675 iam
1876 2606 2089 2675 iudustriam
2115 2607 2324 2697 praedicare
2340 2631 2465 2699 possu-

432 2706 510 2791 lici,
543 2709 581 2776 in
607 2733 680 2803 quo
704 2709 733 2779 si
753 2706 877 2780 Gallus
900 2709 1038 2793 vincet,
1073 2721 1150 2778 tum
1171 2733 1258 2778 vero
1280 2720 1425 2801 appetet
1475 2732 1566 2777 nius.
1619 2708 1734 2777 Nemo
1753 2710 1848 2777 enim
1864 2707 2044 2800 Regum⁴)
2060 2708 2298 2791 Gallicorum,
2326 2709 2465 2801 aliquot

431 2808 621 2903 Neapolim
638 2823 673 2880 et
685 2811 836 2882 tortasse
850 2811 988 2881 Romae
1006 2825 1108 2902 coget
1132 2811 1358 2903 pontificem,
1385 2823 1425 2881 ut
1475 2808 1623 2880 saeculis
1641 2834 1699 2880 res
1714 2811 1820 2900 gessit
1835 2812 2003 2894 maiores,
2021 2812 2215 2905 etquidem
2232 2812 2359 2902 exiguo
2374 2824 2465 2878 tem·

432 2925 593 2983 nostram
619 2914 828 2983 electionem
854 2915 1045 3006 improbet.
1106 2915 1258 3008 Qualem
1285 2926 1425 3005 tragoe-
1476 2935 1577 3004 pore.
1635 2911 1798 3007 Cumque
1823 2914 1929 3004 vulgo
1951 2915 2131 2983 tribuatur
2153 2913 2264 2984 Gallis
2287 2915 2464 3007 quaedam

433 3014 530 3084 diam
555 3040 596 3084 ea
619 3038 676 3086 res
698 3016 859 3107 paritura
884 3017 992 3088 esset!
1045 3015 1114 3085 Sed
1140 3016 1260 3085 vincat
1280 3014 1425 3108 imperii
1476 3014 1589 3083 animi
1613 3016 1800 3098 mollities,
1826 3018 1925 3110 quod
1945 3012 2271 3108 inchoatanegotia
2291 3016 2362 3085 cito
2378 3015 2467 3084 abii-

434 3116 600 3199 sortuna,
635 3116 723 3210 quid
749 3116 910 3187 accidet?
975 3118 1128 3209 llispani
1160 3120 1333 3188 tenebunt
1355 3114 1426 3186 lta·
1476 3140 1555 3186 cere
1579 3117 1767 3202 dicuntur,
1805 3119 1835 3189 si
1861 3119 1966 3189 initio
1991 3142 2065 3188 non
2087 3119 2313 3211 responderit
2338 3142 2466 3187 eorum

435 3208 542 3302 liam,
567 3243 755 3315 nunquam
770 3220 875 3290 nobis
892 3221 1081 3291 reddituri.
1132 3218 1228 3292 Novi
1245 3246 1323 3291 eam
1340 3244 1425 3312 gen·
1476 3216 1552 3311 spei
1566 3233 1730 3291 eventus:
1762 3218 1820 3290 hic
1834 3220 1913 3294 Rex
1931 3222 2168 3293 constantiam
2184 3246 2286 3292 suam
2305 3221 2345 3289 in
2360 3222 2467 3290 rebus

433 3334 525 3406 tem,
556 3323 723 3414 cupidam
743 3323 1018 3404 dominationis;
1049 3324 1174 3419 polypi
1189 3336 1292 3410 sunt,
1327 3324 1424 3419 quod
1476 3324 1640 3415 gerendis
1653 3324 1861 3410 declaravit,
1880 3351 2032 3420 cumque
2048 3325 2259 3396 diuturnum
2275 3336 2311 3395 et
2325 3324 2466 3394 varium

433 3425 542 3497 semel
558 3422 846 3518 prehenderunt,
871 3427 1076 3523 extorqueri
1099 3427 1167 3498 sibi
1193 3451 1268 3496 non
1290 3427 1425 3498 sinunt.
1476 3426 1608 3496 bellum
1637 3429 1673 3496 in
1696 3425 1856 3498 lnsubria
1875 3430 2042 3519 gesserit,
2067 3453 2124 3499 res
2141 3440 2260 3500 tantas
2273 3428 2466 3519 praecipue

433 3525 482 3598 Et
516 3535 597 3599 cum
629 3529 753 3600 ltaliae
786 3530 1009 3624 possessione
1044 3530 1198 3599 retinere
1229 3528 1424 3622 Imperium
1476 3529 1549 3600 suis
1571 3531 1728 3602 consiliis
1749 3533 1974 3621 gubernavit.
2025 3531 2099 3603 Nec
2124 3531 2237 3601 defuit
2251 3532 2285 3600 ei
2308 3532 2466 3600 fortuna.

433 3627 532 3702 baud
555 3631 662 3702 dubie
684 3631 818 3703 volent.
881 3633 964 3704 Non
992 3632 1118 3703 divino
1144 3634 1331 3727 equidem,
1363 3634 1425 3702 sed
1476 3631 1592 3703 Nemo
1609 3633 1704 3712 enim
1723 3634 1927 3725 profligavit
1940 3635 2014 3705 ulla
2029 3634 2230 3717 memoria,
2253 3634 2337 3702 inde
2351 3656 2466 3725 usque

433 3734 478 3802 de
507 3735 615 3804 rebus
645 3733 775 3806 futuris
806 3736 1028 3807 coniecturas
1056 3735 1184 3826 colligo
1209 3735 1425 3827 probabiles.
1476 3732 1622 3819 alulio,
1652 3736 1807 3807 maiores
1827 3750 1890 3807 aut
1907 3738 2084 3808 firmiores
2101 3737 2345 3806 Helvetiorum
2365 3758 2464 3803 exer·

433 3835 542 3907 Nulla
568 3849 621 3906 est
644 3850 716 3906 tam
735 3837 861 3930 ignava
878 3839 999 3921 natio,
1025 3863 1117 3933 quae
1130 3838 1160 3909 si
1174 3835 1273 3907 ltalia
1291 3839 1426 3931 potire·
1476 3838 1579 3909 citus.
1629 3835 1670 3908 ln
1692 3834 1748 3910 bis
1766 3840 1919 3932 negotiis
1941 3865 2022 3910 cum
2044 3841 2190 3912 fortuna
2212 3861 2326 3933 paene
2345 3839 2465 3907 indul·

435 3952 515 4022 tur,
542 3940 638 4008 ultro
662 3964 802 4010 cessura
827 3954 928 4011 esset.
981 3941 1140 4010 Tantum
1160 3944 1279 4024 abest,
1310 3954 1350 4010 ut
1366 3966 1424 4034 ge-
1476 3964 1563 4031 gens
1585 3944 1623 4011 in
1650 3966 1732 4012 eum
1752 3944 1879 4026 fuerit,
1904 3945 2121 4036 sperandum
2145 3955 2217 4026 est,
2243 3955 2279 4011 et
2294 3943 2332 4010 in
2347 3952 2465 4034 poste-
2560 3949 2565 3956 “

435 4065 503 4112 nus
523 4037 713 4111 hominum
737 4042 966 4126 bellicosum,
998 4045 1133 4135 gloriae
1156 4058 1264 4140 atque
1281 4044 1425 4135 imperii
1476 4068 1557 4113 rum
1588 4045 1664 4115 eius
1693 4046 1850 4116 consiliis
1875 4044 1994 4116 Deum
2026 4047 2222 4116 affuturum
2251 4046 2289 4114 in
2320 4041 2466 4136 lmperii

436 4143 602 4227 avidum,
637 4170 816 4217 cessurum
845 4146 946 4217 vobis
973 4147 1191 4218 existimetis.
1245 4145 1425 4217 Omnibus
1476 4169 1564 4238 pace
1586 4150 1737 4231 tuenda,
1769 4160 1804 4216 et
1823 4148 1862 4215 in
1885 4149 2090 4219 defensione
2108 4149 2218 4218 totius
2232 4147 2465 4238 Reipublicae

434 4248 657 4341 temporibus
686 4250 798 4319 crevit
818 4244 887 4318 hoc
910 4253 1018 4320 niodo
1043 4259 1192 4344 regnum
1216 4262 1251 4317 et
1274 4249 1425 4341 populo·
1477 4246 1713 4322 Christianae.
1764 4249 1862 4343 Quid
1883 4251 1991 4342 igitur
2006 4253 2244 4322 anteferemus
2262 4251 2466 4320 adolescen-

434 4375 515 4420 rum
541 4351 714 4444 potentia.
767 4350 1066 4444 Carthaginenses
1083 4352 1193 4424 semel
1210 4353 1370 4422 accersiti
1386 4353 1425 4422 in
1477 4366 1568 4436 tem,
1601 4354 1702 4425 cuius
1730 4354 1868 4424 indoles
1898 4357 2060 4425 nondum
2090 4355 2176 4425 satis
2193 4353 2377 4445 explorata
2402 4364 2467 4433 est,

433 4451 612 4538 Siciliam,
644 4468 767 4546 postea
796 4456 916 4525 multis
938 4458 1086 4527 saeculis
1111 4455 1240 4549 depelli
1264 4480 1339 4525 non
1361 4480 1425 4547 po·
1448 4401 1453 4506 l
1476 4452 1560 4526 huic
1580 4455 1690 4548 Regi,
1723 4457 1821 4527 cuius
1841 4458 2037 4550 sapientia,
2075 4458 2211 4540 virtus,
2244 4468 2279 4524 et
2304 4454 2467 4538 felicitas,

435 4570 593 4628 tuerunt.
652 4557 722 4628 Sed
752 4569 873 4627 vetera
904 4559 1044 4630 omitto.
1103 4557 1158 4628 llli
1181 4558 1249 4649 ipsi
1272 4557 1425 4642 Trarcae,
1476 4560 1515 4628 in
1534 4571 1616 4650 toga
1634 4574 1670 4629 et
1685 4561 1724 4629 in
1740 4560 1851 4630 armis
1865 4562 2006 4653 cognita
2024 4558 2101 4631 est?
2125 4559 2316 4630 Postremo
2333 4558 2466 4628 addam

434 4686 526 4756 qnos
542 4662 613 4730 iam
629 4674 818 4753 tantopere
831 4662 1087 4745 lormidamus,
1109 4673 1300 4756 postquam
1315 4663 1425 4732 semel
1476 4658 1546 4732 hoc
1565 4687 1679 4734 unum
1705 4678 1977 4755 argumentum,
2008 4687 2081 4758 quo
2105 4662 2171 4732 etsi
2184 4663 2318 4732 fatetur
2335 4685 2374 4731 se
2390 4683 2468 4728 mo·

435 4766 473 4834 in
497 4761 682 4859 Europam
708 4766 946 4849 traiecerunt,
991 4765 1152 4837 accersiti
1174 4789 1193 4833 a
1219 4764 1426 4836 Constanti·
1449 4783 1453 4842 ι
1477 4765 1554 4834 veri
1568 4766 1823 4858 Moguntinus,
1852 4780 1973 4836 tamen
1994 4789 2062 4837 nos
2082 4766 2174 4835 bene
2191 4788 2338 4857 sperare
2355 4764 2465 4832 iubet.

434 4869 647 4961 nopolitano
676 4866 917 4962 lmperatore,
959 4870 1147 4961 progredi,
1180 4893 1255 4939 non
1284 4866 1426 4960 regredi
1475 4869 1592 4941 Nullis
1621 4869 1740 4941 verbis
1771 4869 1843 4939 dici
1867 4881 2004 4962 potest,
2043 4880 2219 4962 quantum
2244 4866 2396 4960 periculi
2420 4863 2468 4936 sit

434 4984 557 5063 postea
577 4973 698 5043 statim
722 4974 844 5044 conati
865 4984 960 5045 sunt.
1011 4971 1082 5065 lpsi
1097 4972 1249 5064 Hispani
1267 4971 1426 5043 infinitas
1476 4970 1733 5065 lmperatorem
1751 4975 1873 5043 abesse
1890 4986 1988 5042 extra
2005 4971 2261 5055 Germaniam,
2288 4970 2387 5039 etita
2405 4969 2469 5037 ab·

434 5097 625 5145 aerumnas
658 5077 818 5167 perferre
853 5076 1077 5157 maluerunt,
1117 5101 1224 5171 quam
1262 5077 1426 5145 deserere
1477 5100 1571 5160 ease,
1605 5090 1646 5149 ut
1674 5101 1749 5145 non
1778 5077 1921 5158 statim,
1954 5099 2034 5143 cum
2063 5098 2154 5166 opus
2176 5086 2247 5157 est,
2279 5094 2467 5142 accurrere

431 5177 645 5267 Neapolim,
678 5203 786 5272 quam
820 5178 981 5249 accersiti
1014 5179 1130 5271 specie
1157 5179 1352 5263 societatis,
1390 5190 1426 5247 et
1475 5180 1600 5272 possit.
1651 5178 1747 5273 Quid
1766 5179 1847 5261 fiet,
1874 5179 1904 5249 si
1921 5178 1978 5247 vel
1991 5177 2133 5248 'l'urcae
2154 5175 2274 5248 subito
2295 5175 2468 5268 irruptio·

432 5279 605 5350 ltalorum
638 5305 707 5373 ope
736 5282 870 5364 adiuti,
901 5285 1116 5375 redegerunt
1135 5282 1173 5350 in
1196 5307 1297 5353 suam
1323 5294 1425 5373 pote·
1476 5306 1559 5352 nem
1582 5283 1731 5352 fecerint
1750 5283 1789 5350 in
1811 5280 2067 5366 Germaniam,
2106 5281 2163 5350 vel
2188 5278 2382 5351 seditiones
2404 5277 2467 5346 ali·

432 5395 574 5456 statem.
634 5381 685 5454 lta
716 5407 813 5454 nunc
843 5385 1008 5471 invitati,
1040 5386 1154 5456 adiuti
1178 5412 1196 5453 a
1221 5385 1424 5468 Germanis,
1476 5409 1569 5480 quae
1585 5387 1746 5456 orientur
1762 5385 1857 5453 inter
1871 5382 2076 5477 principes?
2126 5383 2231 5455 Utin
2247 5384 2362 5455 saevis
2379 5395 2465 5450 tem-

432 5486 619 5580 potientur
640 5487 861 5559 Mediolano.
928 5488 1050 5579 Quare
1074 5513 1221 5571 censeo,
1251 5513 1327 5558 non
1350 5511 1424 5560 esee
1475 5490 1672 5580 pestatibus
1688 5488 1789 5560 navis
1804 5488 1880 5559 sine
1894 5489 2155 5580 gubernatore,
2178 5492 2236 5556 -ita
2251 5482 2463 5576 Respublica

432 5590 473 5659 in
502 5589 643 5660 ltaliam
676 5592 905 5661 adducendos
932 5592 1123 5683 Hispanos.
1184 5590 1238 5661 De
1261 5593 1423 5684 ipsorum
1823 5603 1828 5613 '

430 5693 571 5814 llegnm
588 5695 741 5816 ingeniis
757 5719 867 5786 pauca
885 5696 1013 5813 dicam.
1055 5695 1131 5766 Etsi
1147 5696 1242 5816 enipi
1260 5694 1423 5764 existimo
1509 5749 1678 5820 anagnu]
1697 5753 1938 5820 ‘mmmm’
1957 5745 2358 5817 csso‚;aetu.tt⁷t.,1t⁸⁰.‚
2381 5749 2469 5812 m,

427 5798 591 5868 andolem
611 5825 650 5870 m
666 5798 799 5870 Carolo
822 5801 867 5870 ad
889 5810 1059 5870 iustitiam
1083 5809 1118 5866 et
1133 5798 1331 5870 bomtatem
1348 5819 1424 5868 esse
1446 5883 1451 5892 Ι
1543 5823 1621 5878 em
1638 5823 1718 5888 naga
