5534 6700
273 582 361 669 m
419 568 430 581 ⁸
773 578 780 591 '
805 577 958 661 xctva.
968 570 1305 653 truttmunt
1339 573 1545 648 GRAEGAE
1565 571 1793 648 urrunnu.
2242 578 2314 651 100

277 751 442 827 ¹Perinde
464 774 505 819 ae
527 752 558 822 si
580 748 709 821 Latine
731 751 845 821 dicas:
880 759 1019 837 perte,
1044 744 1271 838 per,.quite
1329 742 1433 844 παρὰ
1447 741 1595 838 κυρίου.
1656 743 1839 813 Auxilium
1857 766 1978 813 meum
2003 766 2022 811 a
2049 744 2211 828 domino.
2260 746 2319 817 Sic

281 855 393 925 talem
410 874 565 943 genuere
581 865 758 944 parentes.
807 849 895 943 ltem
917 861 1063 933 aarum,
1087 842 1181 942 πρὸς
1198 850 1277 919 τῶν
1328 850 1434 925 Plato
1450 850 1489 917 in
1502 843 1687 916 Phaedro:
1715 840 1817 940 παρὰ
1828 841 1998 938 Λυσίου,
2024 836 2284 941 diasostes.

283 948 516 1045 ἐπισκόπων,
551 977 672 1023 eoram
695 953 903 1043 Epucopts,
925 949 995 1029 ,Et
1019 947 1196 1031 orfidum,
1231 944 1277 1019 ori
1431 951 1509 1021 Hae
1536 951 1622 1019 item
1654 948 1921 1039 praepositione
1948 949 2129 1040 passivum
2166 951 2315 1021 verbum

282 1055 379 1152 πρὸς
394 1053 605 1152 φιλοσόφου
619 1048 843 1150 φιληδονεῖν.
889 1053 1050 1147 Nuuust
1064 1045 1276 1143 philosophi
1329 1055 1426 1127 casui
1447 1064 1611 1143 aptatur,
1642 1064 1684 1120 ut
1704 1054 1876 1121 adversus
1898 1051 2105 1140 imperitum
2121 1048 2318 1124 Luciauus:

283 1158 464 1249 voluptati
480 1159 675 1248 indulgeret
726 1155 943 1250 Quanquam
959 1149 1217 1224 Demosthenes
1237 1151 1276 1221 in
1327 1151 1526 1249 ξυλλαβὼν
1543 1151 1591 1225 τὰ
1605 1157 1675 1225 τοῦ
1691 1148 1935 1227 θουκρδίδου.
1943 1148 2016 1224 ὅσα
2032 1148 2134 1243 παρὰ
2157 1158 2228 1226 τοῦ
2243 1157 2321 1247 Asy-

284 1262 451 1331 oratione
469 1272 592 1330 contra
609 1253 822 1332 Aeschinem
835 1272 877 1329 et
889 1250 983 1354 πρὸς
998 1250 1061 1355 ἐμὲ
1079 1251 1147 1353 hac
1168 1253 1275 1344 sigui·
1326 1254 1559 1351 μαοθὸνους,
1589 1251 1653 1327 καὶ
1678 1251 1776 1326 αὐτὰ
1796 1247 1945 1335 ὀκτάκις
1965 1252 2321 1352 μετεγγεγραμμίνα

283 1363 452 1433 ficatione
466 1374 633 1452 usurpat:
656 1363 715 1431 —atl
729 1386 786 1428 me
810 1361 1003 1452 pertinens.
1027 1422 1029 1429 .
1053 1356 1118 1429 Est
1139 1369 1175 1425 et
1196 1357 1275 1427 iun·
1328 1357 1477 1455 εὑρέθη.
1530 1357 1664 1428 Nactus
1680 1353 1914 1449 Thucydidas
1931 1380 2061 1448 opera,
2092 1379 2205 1450 eaque
2226 1382 2320 1451 quae

283 1478 386 1539 stura
402 1488 522 1548 casus,
557 1464 620 1556 qui
644 1463 786 1554 passivo
804 1462 1041 1544 construitur,
1068 1451 1277 1553 Σωκράτης
1329 1486 1351 1531 a
1374 1455 1618 1533 Demosthene
1644 1458 1753 1527 octies
1774 1461 1949 1549 descripta
1972 1471 2056 1530 sunt
2079 1471 2144 1527 etc.
2202 1461 2318 1551 Signi-

283 1570 447 1664 φιλεῖται
465 1561 557 1662 πρὸς
570 1561 766 1658 δαίμονος.Ι
1328 1566 1412 1655 licat
1435 1576 1469 1632 et
1489 1582 1605 1655 εαγνο
1628 1560 1775 1650 genitivi
1800 1560 1960 1652 syntaxi,
1988 1574 2030 1656 ut
2049 1557 2140 1643 θεὸς
2161 1567 2232 1635 τοῦ
2255 1588 2319 1654 με-
2394 1650 2396 1655 ι

388 1668 543 1749 Dativo,
583 1668 721 1761 supro,
755 1681 796 1735 ut
824 1665 916 1762 πρὸς
943 1662 1089 1744 τούτοις
1101 1662 1178 1761 ⁵⁷)...v
1226 1660 1277 1733 'Et
1327 1663 1555 1765 pluton-nair
1567 1659 1748 1758 ἀριθμῶν
1767 1658 1951 1756 ὑπεροχὴ,
1985 1657 2088 1755 παρὰ
2110 1668 2189 1736 τῶν
2209 1663 2319 1763 ἐγγυ-

280 1793 419 1868 propa,
444 1792 554 1869 erqo,
584 1767 677 1865 πρὸς
691 1766 856 1857 Ιἅπασιν,
887 1762 1158 1843 Demosthenes.
1328 1761 1466 1841 adem.
1519 1766 1556 1834 id
1578 1776 1651 1848 est,
1675 1763 1794 1845 Deus,
1827 1765 1976 1833 maximi
2001 1786 2237 1835 numerorum
2260 1790 2319 1837 ex·

389 1872 602 1945 accusativo
633 1872 776 1953 iuncta,
822 1883 897 1941 tum
930 1871 1075 1939 demum
1105 1866 1276 1959 propriae
1330 1894 1446 1941 cessus
1466 1889 1575 1959 supra
1602 1867 1787 1957 proximos
1808 1890 1979 1936 numeros
2000 1877 2064 1934 est.
2116 1863 2319 1958 Athenago-

286 1974 554 2066 significationis
578 1987 649 2056 est,
681 1986 722 2043 ut
739 1973 885 2041 Manuel
903 1971 1135 2059 Moscopulus
1158 1992 1276 2061 gram·
1328 1995 1392 2042 rae
1408 1971 1517 2040 verh'a
1529 1968 1662 2039 suntin
1682 1969 1867 2051 oratione,
1891 1992 1961 2061 qua
1982 1967 2118 2057 legatus
2145 1971 2190 2037 ad
2206 1969 2319 2038 Anto·

286 2078 437 2147 malicus
453 2075 637 2156 omnium,
665 2075 703 2143 ni
717 2076 843 2157 fallor,
869 2074 932 2168 qui
946 2072 1133 2164 superiore
1155 2072 1276 2142 seculo
1290 2078 1294 2091 '
1328 2075 1436 2144 ninos
1452 2071 1623 2154 Caesares
1638 2071 1779 2140 circiter
1796 2094 1931 2141 annum
1954 2069 2078 2140 salutis
2099 2071 2319 2140 instauratae

284 2180 407 2253 literas
432 2179 701 2261 instaurarunt,
733 2177 828 2247 idem
855 2177 961 2267 longe
984 2173 1277 2266 diligentissimus
1330 2174 1561 2247 centesimum
1579 2184 1614 2242 et
1629 2172 1929 2264 septuagesimum
1945 2175 2113 2263 dogmata
2125 2169 2320 2243 Christiani

284 2304 327 2349 ac
343 2281 589 2362 doctissimus,
615 2279 750 2372 inquit:
775 2271 891 2353 denda*
915 2274 938 2370 ἡ
960 2274 1054 2372 πρὸς
1073 2272 1121 2349 τὰ
1144 2273 1278 2368 ἑαυτῆς
1328 2276 1487 2349 nominis
1500 2287 1637 2346 tutatus
1651 2277 1715 2346 e‘st.
1766 2274 1850 2366 Quo
1867 2277 1947 2344 loeo
1964 2284 2077 2345 unum
2091 2275 2210 2346 Deum
2227 2299 2320 2345 asse·

284 2378 479 2472 αημαίνει,
504 2377 569 2451 καὶ
585 2377 630 2450 οὐ
651 2379 885 2475 λαμβάνεται
905 2375 991 2455 ἀντὶ
1012 2376 1158 2473 ἑτέρας,
1190 2373 1274 2469 μετ’
1329 2381 1377 2448 rit
1402 2372 1742 2470 ephilosophorum
1759 2378 1921 2448 decretis.
1973 2375 2075 2445 Hauc
2090 2373 2321 2476 ὑπογραφὴν

284 2482 491 2573 αἰτιατικῆς
517 2478 719 2562 ξυντάσοετ
745 2505 770 2549 ι.
832 2480 972 2553 Motum
1006 2481 1052 2547 ad
1083 2500 1277 2569 personam
1328 2481 1420 2563 Dei,
1442 2479 1658 2547 familiarem
1676 2475 1817 2548 scholae
1834 2475 2098 2573 Pythagoricae
2119 2476 2319 2549 ePhilolao

283 2582 482 2670 significat,
506 2581 566 2652 we
585 2577 678 2674 πρὸς
691 2606 759 2653 τον
774 2578 960 2675 ἄρχοντα,
987 2579 1025 2646 id
1043 2592 1116 2667 est,
1142 2580 1189 2647 ad
1201 2599 1278 2645 ma·
1330 2593 1455 2650 testem
1473 2579 1621 2649 unitatis
1634 2579 1855 2671 Dei-allegat
1877 2605 2024 2672 prorsus
2047 2574 2321 2679 αἰνιγματώδη.

284 2683 487 2774 gistratum.
538 2681 613 2751 Nec
628 2684 671 2749 ad
689 2684 783 2752 solas
797 2704 986 2771 personas,
1012 2681 1073 2750 sed
1095 2680 1140 2747 ad
1161 2678 1279 2747 inani·
1331 2681 1598 2775 Quamobrem,
1625 2705 1698 2773 quo
1721 2683 1889 2753 studiosis
1913 2684 2141 2772 elegantioris
2162 2681 2322 2775 philoso-

284 2797 405 2866 mata‚
432 2777 524 2873 πρὸς
539 2776 767 2875 περίπατον,
792 2782 910 2850 Plato.
951 2781 1155 2854 Adversum
1169 2780 1278 2871 signi·
1329 2781 1438 2875 plaiae
1463 2795 1604 2873 gratum
1627 2782 1777 2866 faciam,
1808 2808 1977 2875 serupum
2000 2785 2151 2853 solvam.
2209 2782 2321 2876 quue

284 2889 389 2971 licat,
413 2880 557 2961 Γότθοι
576 2886 776 2975 πολεμοῦσι
793 2878 886 2977 πρὸς
895 2877 1122 2973 Ῥωμαίους,
1150 2877 1278 2952 Gotthi
1330 2886 1387 2955 vel
1417 2886 1572 2954 maxime
1595 2885 1797 2969 oblectandi
1818 2885 1999 2956 Francisei
2022 2885 2187 2955 Stadiani
2214 2885 2323 2954 amici

285 2989 421 3059 bellum
440 3010 520 3055 cum
534 2984 710 3053 Romanis
724 2996 864 3075 gerunt.
899 2982 990 3053 Tale
1008 2995 1059 3055 est
1074 2979 1167 3078 πρὸς
1178 2979 1278 3077 κάρα
1329 2987 1445 3058 nostri
1473 2985 1606 3055 summi
1635 2986 1771 3076 gratia,
1805 2988 1882 3070 cui,
1919 3001 1961 3056 ut
1989 3000 2042 3057 est
2070 2983 2322 3079 philosophiae

285 3086 424 3185 κᾰριζε.
461 3086 587 3180 Neque
603 3109 690 3157 vero
707 3098 845 3156 motum
862 3084 1037 3177 significat
1052 3085 1189 3168 solum,
1215 3083 1277 3154 sed
1330 3088 1449 3163 omnis
1469 3109 1586 3158 novae
1609 3111 1652 3155 ae
1674 3088 1802 3158 veteris
1825 3090 1938 3180 probe
1958 3091 2114 3180 peritus,
2154 3091 2201 3158 ad
2232 3085 2322 3159 haee

287 3205 325 3265 st
344 3192 523 3286 quietem,
548 3189 584 3257 id
608 3200 679 3271 est,
705 3212 779 3259 esse
804 3188 941 3281 aliquid
964 3188 1003 3256 iu
1024 3188 1128 3270 loco,
1152 3181 1279 3256 habet·
1330 3186 1569 3279 'l'heologieas
1590 3189 1713 3267 literas
1732 3187 1801 3262 adr
1828 3195 1923 3264 νοῦν
1948 3188 2323 3284 κατασκευασάμενος

286 3319 359 3392 que
375 3288 581 3385 emphasin,
605 3290 719 3386 apud.
769 3288 951 3361 Lucienus
973 3288 1168 3384 inJCycno:
1204 3308 1277 3362 σει-
1330 3305 1451 3364 sancte
1475 3291 1701 3382 complexus,
1726 3316 1766 3361 ea
1783 3289 2011 3386 Pythagorae
2032 3295 2209 3365 sententia
2229 3295 2322 3364 mire

286 3391 487 3494 ρῆναςμὲν
503 3390 710 3487 εἶναιπρὸς
734 3386 892 3483 αὐτούς,
918 3392 1061 3464 Sirenas
1086 3415 1161 3463 esse
1181 3391 1279 3483 apud
1329 3394 1478 3487 probari
1494 3394 1596 3465 solet.
1647 3394 1712 3464 Est
1726 3408 1846 3464 autem
1867 3421 2006 3466 summa
2029 3398 2095 3467 rei.
2144 3395 2243 3467 Deus
2264 3421 2323 3466 er·

286 3523 362 3570 eos.
409 3498 458 3567 Et
472 3492 565 3592 πρὸς
580 3500 682 3589 σῆμα
697 3499 881 3591 μητρυιᾶς
902 3490 1055 3579 κλαίεις,
1081 3493 1188 3586 Apud
1214 3516 1279 3560 no·
1331 3521 1448 3569 ceastre
1462 3509 1535 3579 est,
1560 3521 1633 3589 quo
1657 3497 1834 3577 maximus
1852 3522 2044 3580 numerus,
2078 3499 2247 3569 denarius
2269 3499 2323 3565 vi-

286 3623 414 3670 vercae
429 3600 606 3670 tumulum
625 3599 758 3688 ploras.
811 3595 1052 3674 lmitallonem
1075 3596 1213 3687 signat,
1238 3606 1280 3664 ul
1311 3601 1477 3683 -delicet,
1503 3599 1709 3689 proximum
1726 3600 1920 3667 nonarium
1937 3612 2102 3690 superat,
2128 3600 2239 3668 vincit
2255 3622 2320 3668 uo·

285 3699 380 3800 πρός
394 3696 540 3798 μύρτον
554 3696 680 3795 ᾅδειν,
707 3696 801 3792 πρὸς
812 3694 1031 3794 κλεηοὶιλραν
1049 3694 1181 3797 λέγειν.
1215 3694 1280 3768 Est
1330 3702 1473 3771 uarium
1491 3700 1629 3770 unitate
1644 3699 1823 3771 denarius.
1876 3700 1974 3770 Deus
1997 3700 2106 3791 igitur
2121 3702 2240 3772 unitas
2256 3713 2324 3784 est,

285 3832 306 3875 e
322 3805 473 3876 Graecis
489 3803 668 3896 quispiam
685 3825 758 3869 non
781 3800 949 3891 ignobilis
966 3814 1092 3884 autor,
1118 3800 1279 3894 quima-
1332 3817 1441 3897 atque
1460 3804 1551 3870 adeo
1568 3802 1709 3871 denarii
1732 3803 1871 3888 unitas,
1895 3803 2143 3895 perfectissimi
2166 3804 2325 3887 numeri,

287 3908 351 4001 gni
366 3905 527 4000 mysterii
541 3905 622 3974 loeo
638 3898 731 3998 πρὸς
745 3903 984 3972 imitationem
1010 3926 1053 3971 ac
1074 3900 1282 3972 similitudi·
1331 3906 1448 3987 idest,
1473 3916 1625 3973 naturae
1642 3927 1767 3976 ornnes
1784 3907 1947 3976 omniurn
1964 3908 2224 3999 perfectionum
2240 3931 2321 3997 gra·

285 4035 370 4081 nem
394 4010 580 4097 designare
595 4018 701 4098 putat
721 4006 817 4094 apud
832 4001 1030 4074 Iohannem
1056 3998 1207 4101 [1,1.]:
1239 4002 1280 4077 ta
1331 4010 1399 4079 dus
1417 4006 1635 4098 complexae.
1686 4006 1804 4100 Supra
1818 4010 2003 4100 proximos
2021 4033 2211 4093 numeros,
2237 4021 2322 4078 sunt

287 4111 386 4208 ἀρχῇ
404 4104 451 4205 ἦν
470 4106 491 4182 ὁ
507 4102 616 4208 λόγος
633 4102 698 4182 καὶ
719 4103 748 4180 ὅ-
766 4105 875 4206 λόγος
892 4100 941 4201 ἦν
963 4102 1055 4202 πρὸς
1078 4101 1147 4178 τὸν
1171 4097 1279 4177 θεόν.
1332 4122 1518 4181 creaturae
1540 4111 1717 4202 quaedam
1741 4108 1878 4193 εἰκόνες
1899 4110 1987 4193 Dei,
2020 4108 2085 4183 καὶ
2107 4106 2321 4200 demendas,
2407 4135 2412 4148 ·

286 4215 335 4286 Et
359 4217 508 4284 verbum
531 4225 608 4282 erat
627 4212 723 4301 apud
739 4208 876 4293 Deum,
901 4211 1050 4280 verbnm
1070 4208 1203 4300 patris,
1228 4206 1280 4277 el-
1332 4237 1423 4307 quae
1442 4211 1547 4284 nobis
1566 4235 1630 4282 ceu
1655 4208 1865 4282 methodum
1886 4215 2060 4303 praebent
2083 4213 2322 4304 cognoscendi

288 4311 384 4392 ardre
412 4339 487 4387 esse
517 4331 593 4382 non
618 4313 795 4403 spiritum.
860 4310 1066 4402 Composita
1093 4310 1146 4384 nd
1172 4309 1279 4392 valet,
1331 4315 1412 4385 Dei.
1466 4314 1587 4405 Quare
1607 4315 1750 4406 sapiens
1773 4316 1830 4383 vir
1846 4310 2070 4407 Pythagoras
2093 4309 2325 4415 ὑπογραφὴν.

293 4443 402 4511 quam
422 4416 588 4513 equidem
606 4414 902 4504 significationem
918 4415 1104 4505 propriam
1125 4417 1172 4506 τῇ
1187 4406 1281 4507 πρὸς
1331 4416 1400 4486 Dei
1419 4416 1627 4506 aproximis
1643 4417 1794 4486 denario
1810 4420 1988 4501 numeris,
2013 4419 2051 4487 id
2072 4432 2145 4501 est,
2168 4441 2187 4485 e
2210 4417 2322 4486 simil·

294 4519 467 4603 arbitror,
492 4522 708 4612 aesernini,
734 4518 884 4586 advoco.
1215 4579 1217 4584 .
1330 4519 1427 4589 limis
1444 4517 1588 4588 divinae
1603 4532 1753 4589 naturae
1767 4520 1952 4613 spiritibus
1967 4521 2088 4591 traxit.
2138 4519 2322 4611 Tempero

399 4616 481 4719 Πρό
488 4675 503 4713 ,
529 4632 633 4701 aare,
659 4618 818 4690 Genltlvi
833 4618 943 4690 sollus
958 4632 1031 4701 est,
1057 4618 1128 4687 loci
1140 4630 1279 4706 tempo·
1331 4618 1441 4705 mihi,
1466 4644 1513 4690 ne
1528 4621 1670 4713 longius
1685 4636 1783 4693 extra
1798 4637 1896 4716 septa
1914 4620 2056 4707 evehar,
2080 4635 2121 4693 ut
2134 4623 2204 4691 dici
2219 4622 2322 4702 solet,

291 4724 419 4817 risque
443 4739 546 4805 nota,
572 4722 758 4793 Prisciano
784 4734 893 4805 teste,
927 4716 999 4815 πρὸ
1023 4714 1162 4814 πύλης,
1195 4729 1279 4788 aute
1332 4727 1451 4819 qnod,
1471 4726 1501 4795 si
1517 4724 1598 4817 quis
1614 4722 1703 4793 mihi
1726 4727 1908 4817 continget
1923 4727 2036 4795 lector
2049 4726 2229 4795 studiosus
2244 4747 2321 4817 my·

288 4839 452 4920 portam.
509 4822 713 4915 Composita
732 4847 826 4918 prus
845 4824 1039 4914 significat,
1065 4816 1278 4915 προβάλλω,
1331 4826 1524 4899 steriorum
1553 4824 1825 4919 philosophiae,
1865 4825 1951 4897 haec
1980 4852 2049 4918 pro
2077 4828 2223 4918 ingenio
2255 4850 2320 4898 suo

288 4949 503 5023 praepono,
526 4926 735 5023 πρόβλημα.
781 4927 1052 5019 Nonnunquam
1070 4920 1279 5014 oirrlsigni·
1330 4928 1476 5001 uberius
1494 4941 1586 5017 agat.

289 5034 394 5114 licat,
415 5034 491 5128 γῆν
504 5025 576 5125 πρὸ
590 5036 675 5128 rie,
703 5044 834 5099 terram
850 5054 917 5121 pro
934 5041 1041 5097 terra.
1434 5029 1566 5098 Dativo
1591 5024 1693 5126 παρά
1716 5031 1955 5114 construitur,
1983 5056 2101 5128 prope
2129 5034 2185 5102 vel
2207 5041 2319 5107 iuxta

1331 5131 1553 5224 significans,
1578 5128 1681 5228 nepai
1703 5138 1759 5230 τῷ
1779 5129 1900 5230 κυρίῳ
1923 5131 2037 5222 ἔλεος,
2072 5137 2178 5228 Apud
2194 5133 2322 5204 Domi-

375 5198 437 5269 D‘
465 5185 1193 5293 d¹⁵ll¹³bffl¹¹¹¹⁶⁰n⁸lr¹⁴⁶l¹⁰¹ffi
1331 5234 1693 5305 nummisericordia.
1745 5233 1925 5308 Locorum
1943 5261 2236 5330 aspersonarum
2257 5231 2332 5324 est,

304 5401 310 5412 .
394 5335 512 5433 Παρά
542 5336 720 5427 genitivo,
760 5336 882 5406 dativo
909 5347 945 5404 et
967 5332 1168 5403 accusativo
1196 5354 1279 5399 con·
1330 5335 1540 5407 Aristoteles
1561 5338 1599 5405 in
1622 5335 1806 5410 Eudemiis
1828 5339 2025 5411 moralibus
2048 5336 2150 5439 nupsi
2172 5345 2228 5438 τῷ
2241 5337 2323 5440 θεῷ

289 5438 462 5523 struitur,
488 5442 550 5511 sed
575 5440 645 5507 alia
670 5438 940 5530 significatione.
992 5435 1162 5506 Genitivo
1182 5433 1278 5504 idem
1332 5440 1442 5524 dixit,
1467 5463 1554 5531 pro:
1579 5438 1705 5511 aDeo.
2313 5435 2329 5452 “’

289 5540 499 5638 quodnpdr
510 5545 655 5635 signans
671 5544 802 5611 exitum
819 5563 1014 5633 apersona,
1029 5532 1191 5634 βοήθειά
1203 5561 1280 5631 μου
1433 5541 1647 5612 Accusativo
1678 5556 1816 5616 motum
1849 5548 1894 5613 ad
1923 5569 1999 5614 rem
2031 5546 2194 5636 signans,
2235 5543 2318 5639 παρ’

289 5691 500 5718 ..ι-η..-
1336 5640 1605 5739 αὐτὸνῖωμεν,
1638 5648 1682 5715 ad
1706 5648 1821 5739 ipsum
1847 5671 1980 5720 eamus.
2039 5645 2081 5717 ln
2105 5648 2321 5717 Parmenide'

326 5782 377 5842 ιτ)
394 5786 426 5833 ιο
443 5776 648 5849 nauseatur]
668 5780 696 5830 u
714 5778 799 5833 rute
819 5778 1010 5833 tarr-rasa.
1032 5778 1142 5834 ame
1332 5748 1496 5820 Platonis
1512 5743 1615 5841 παρὰ
1635 5747 1752 5824 πότον
1772 5749 1990 5845 βακχεύειν,
2017 5750 2177 5824 lnsauire
2194 5753 2240 5819 ad
2255 5773 2320 5841 po·
