5534 6700
361 640 443 716 00'!
992 637 1351 715 abundemus-a
1376 641 1444 715 AD
1469 639 1612 715 VOLL.
1636 640 1762 715 l—X.
2318 645 2402 721 008

360 812 469 884 derio
484 810 702 904 adscriptum
718 807 886 898 babebis,
910 811 1018 882 etiam
1034 811 1246 884 sententiam
1268 812 1355 884 scri·
1405 830 1488 887 atre
1510 812 1666 885 efficiunt
1689 813 1940 898 alterationes,
1977 824 2077 885 ortus
2099 824 2135 883 et
2155 836 2305 888 occasus
2326 817 2400 888 Go-

362 927 512 1009 ptorum
530 913 670 1007 plenius
685 915 897 1009 assequeris·
1405 916 1534 987 smicos
1557 928 1593 985 et
1606 910 1840 1010 Acronycbos
1852 913 1906 1013 ⁸),
1940 929 1981 987 ut
2002 928 2197 1002 vocantur,
2231 933 2401 990 accurate

469 1015 567 1087 Idem
590 1016 661 1085 dici
681 1029 800 1109 potest
818 1019 864 1088 de
884 1016 1022 1087 ortibus
1039 1029 1074 1086 et
1092 1014 1276 1087 occasibus
1290 1016 1355 1084 ali·
1404 1029 1632 1101 numeratos,
1661 1043 1726 1089 suo
1742 1017 1957 1088 calendario
1977 1017 2154 1103 inserere,
2181 1019 2232 1090 ita
2255 1033 2300 1092 ut
2315 1046 2402 1091 con-

360 1132 458 1214 .quot
475 1118 661 1190 stellarum
684 1121 857 1206 fixarum,
883 1120 1013 1214 quibus
1033 1118 1120 1210 ipsis
1135 1141 1279 1212 quoque
1295 1142 1356 1186 ve·
1405 1131 1538 1212 gruant
1560 1131 1699 1190 etcum
1721 1120 1811 1204 situ,
1836 1144 1942 1215 quem
1961 1115 2097 1190 habent
2109 1122 2233 1194 stellae
2248 1119 2322 1194 bsc
2335 1148 2401 1195 no·

365 1232 459 1293 teres
479 1221 518 1290 in
539 1222 778 1315 descriptione
793 1222 881 1293 certi
897 1222 1070 1313 temporis
1083 1220 1139 1292 usi
1153 1231 1255 1302 sunt,
1279 1243 1356 1291 non
1404 1234 1479 1294 stra
1503 1234 1638 1306 aetate,
1668 1236 1703 1292 et
1726 1247 1806 1293 cum
1829 1223 1899 1292 loci
1921 1222 1999 1294 eius
2019 1218 2231 1311 horizonte,
2263 1227 2305 1297 in
2326 1252 2401 1324 qno

360 1322 490 1408 ¹aliter,
520 1348 630 1419 quam
656 1349 724 1397 nos
745 1325 929 1397 mentione
953 1323 1103 1395 alicuius
1116 1322 1250 1405 sancti,
1274 1321 1355 1416 ut⁶)
1407 1324 1487 1419 quis
1503 1349 1541 1394 se
1557 1347 1767 1396 mansurum
1784 1325 2006 1418 aliquamdiu
2020 1339 2152 1417 sperat.

364 1422 571 1511 Michaelis,
592 1424 743 1498 Martini
766 1441 829 1500 aut
847 1427 992 1511 similis,
1022 1426 1116 1495 diem
1136 1425 1266 1495 mensis
1281 1447 1355 1495 rer·
1510 1425 1658 1515 cuiun)
1681 1428 1736 1497 rei
1760 1440 1801 1496 ut
1820 1429 2022 1519 exemplum
2045 1427 2249 1505 iunioribus
2265 1456 2402 1526 propo·

365 1541 443 1603 tum
467 1529 626 1601 indicare
643 1531 811 1601 solemus.
862 1529 1032 1601 Proderit
1047 1528 1155 1621 igitur
1169 1527 1249 1597 illos
1266 1550 1356 1621 quo·
1406 1551 1544 1611 nerem,
1559 1529 1762 1623 aliquarum
1778 1528 1970 1599 Stellarum
1988 1541 2088 1602 ortus
2104 1544 2140 1601 et
2155 1556 2305 1606 occasus
2319 1559 2400 1606 cnm

366 1656 437 1727 quc
452 1645 552 1703 ortus
567 1643 603 1702 et
619 1656 765 1705 occasus
780 1645 928 1717 veteres,
946 1644 1190 1726 quatenusres
1208 1629 1356 1720 patitur,
1406 1629 1509 1713 Sole,
1545 1643 1781 1722 congruentes
1803 1634 1851 1700 ad
1874 1631 2111 1703 elevationem
2134 1636 2213 1727 poli
2236 1636 2402 1709 Viteber·

366 1746 559 1806 annotatos
581 1734 620 1804 in
635 1735 851 1807 Calendario
873 1730 1024 1817 habere,
1050 1745 1090 1803 ut
1116 1745 1256 1821 tempus
1272 1729 1357 1802 sciri
1407 1755 1571 1823 genscm,
1610 1757 1702 1826 quae
1726 1735 1763 1805 S.
1786 1735 1861 1804 fere
1890 1734 2038 1806 minutis
2065 1736 2165 1809 abest
2183 1739 2231 1808 sb
2251 1739 2403 1833 integris

365 1837 499 1932 possit,
525 1838 624 1933 quod
646 1861 711 1929 per
733 1850 853 1908 ortum
866 1838 987 1909 stellae
1006 1848 1068 1905 aut
1082 1858 1246 1905 occasum
1260 1856 1281 1901 a
1297 1857 1356 1903 ve·
1407 1834 1577 1926 gradibus
1599 1834 1858 1928 quinquaginta
1880 1837 2041 1922 dnobus,
2066 1838 2173 1912 certis
2195 1841 2326 1916 diebus
2340 1846 2403 1914 ad·

365 1940 569 2014 tustissimis
589 1939 657 2010 fuit
679 1940 915 2033 designatum.
965 1937 1075 2010 Cuius
1090 1934 1356 2006 consuetudinis
1407 1937 1556 2028 scripsi,
1581 1961 1666 2007 usus
1681 1936 1871 2007 Stellarum
1886 1939 1974 2011 locis
1994 1941 2192 2015 emendatis
2213 1945 2315 2016 iuxta
2333 1945 2402 2017 Co-

366 2039 456 2115 haec
475 2041 635 2113 fortassis
657 2043 778 2138 aliqua
802 2067 906 2114 causa
921 2041 1008 2125 luit,
1039 2042 1137 2135 quod
1153 2037 1356 2128 scriptores,
1408 2038 1545 2131 pernici
1567 2039 1853 2124 observationes,
1888 2066 1959 2136 qua
1983 2042 2022 2111 in
2043 2066 2083 2113 re
2108 2045 2248 2118 adiutus
2270 2073 2355 2119 sum
2378 2073 2401 2118 a

367 2144 432 2241 qui
451 2168 516 2218 sua
538 2158 772 2216 monumenta
797 2145 835 2214 in
857 2145 1013 2236 plurium
1037 2143 1254 2235 populorum
1277 2163 1357 2210 rua-
1408 2140 1487 2210 viro
1519 2140 1725 2212 doctissimo
1759 2141 1811 2213 Μ.
1834 2141 1987 2215 Erasmo
2019 2142 2223 2220 Reinhuldo
2260 2149 2401 2222 Salvel·

366 2272 436 2321 nus
449 2259 664 2338 perventura
683 2272 758 2320 esse
773 2248 964 2318 credebant
980 2259 1043 2317 ant
1056 2245 1261 2336 sperabant,
1275 2266 1355 2313 cum
1408 2242 1530 2326 densi,
1569 2239 1832 2315 Mathematum
1859 2245 2067 2318 Professore
2093 2250 2236 2341 publico
2263 2253 2305 2322 in
2328 2250 2403 2324 bac

367 2350 544 2422 mensium
559 2350 873 2442 appellationibus,
896 2363 958 2420 aut
973 2350 1145 2420 festorum
1161 2344 1357 2429 mentione,
1407 2345 1621 2429 Academia,
1646 2349 1690 2415 dc
1706 2347 1804 2417 cuius
1821 2349 1970 2435 eruditis
1984 2350 2298 2426 lucubrationibus
2317 2380 2403 2448 pro·

366 2476 460 2549 qnae
480 2452 629 2544 singulis
648 2455 759 2529 ferme
774 2452 975 2523 civitatibus
993 2463 1096 2521 crant
1112 2447 1303 2542 peculiaria
1322 2459 1358 2516 et
1407 2445 1550 2539 pediern
1577 2447 1616 2515 in
1646 2449 1760 2518 lucem
1791 2449 1901 2519 exibit
1928 2452 2016 2523 utile
2046 2467 2082 2524 et
2112 2457 2235 2550 magni
2264 2459 2403 2529 laboris

367 2555 528 2640 diversa,
568 2567 682 2627 certas
709 2557 796 2626 anni
818 2567 938 2648 partes
962 2578 1103 2646 semper
1123 2550 1282 2620 indicare
1306 2548 1356 2618 ita
1409 2573 1519 2642 opus,
1545 2549 1732 2621 continens
1748 2563 1848 2624 ortus
1862 2565 1897 2622 et
1915 2578 2073 2641 occasus,
2100 2559 2185 2628 item
2202 2561 2403 2652 apparitio·

369 2659 557 2729 commode
573 2681 649 2727 nun
664 2671 830 2750 possent,
854 2659 1062 2748 delegerunt
1077 2654 1195 2727 stellas
1218 2651 1358 2746 aliquot
1408 2675 1471 2722 nes
1485 2663 1522 2720 et
1534 2653 1789 2724 occultationes
1804 2656 1918 2725 multo
1935 2658 2093 2747 plurium
2108 2660 2325 2748 Stellarum,
2355 2665 2404 2732 ad

368 2761 544 2852 insignes,
578 2783 732 2854 quarum
755 2773 855 2831 ortus
879 2772 914 2828 ct
937 2783 1100 2841 occasus,
1127 2755 1224 2847 vulgi
1247 2754 1356 2824 etiam
1408 2753 1526 2823 varias
1539 2754 1613 2845 poli
1631 2756 1847 2828 elevationes
1865 2770 1902 2827 et
1914 2759 2057 2831 climata
2074 2779 2325 2855 congruentes.

369 2863 481 2935 oculis
504 2863 709 2959 conspicui,
735 2876 771 2934 et
794 2863 984 2934 observatu
1004 2862 1144 2941 faciles,
1168 2858 1207 2926 in
1222 2855 1357 2951 praeci·
1510 2853 1580 2926 Sed
1601 2852 1659 2927 hic
1680 2882 1829 2928 monere
1848 2861 2087 2936 adolescentes
2103 2867 2223 2952 volui,
2248 2893 2333 2940 cum
2346 2868 2405 2938 le-

368 2990 522 3059 puarum
546 2965 786 3037 mutationum
810 2963 897 3034 anni
921 2962 1020 3032 initia
1041 2967 1229 3042 caderent,
1258 2971 1297 3028 ut
1314 2957 1356 3028 iis
1409 2970 1493 3048 gent
1509 2956 1548 3026 in
1566 2954 1635 3029 hoc
1650 2960 1770 3030 libello
1787 2975 1888 3034 ortus
1903 2977 1939 3034 et
1952 2988 2091 3036 occasus
2112 2968 2315 3040 matutinos
2338 2982 2406 3040 aut

369 3067 578 3150 nominatis,
600 3067 719 3137 statim
736 3080 829 3138 certa
844 3089 927 3158 pars
944 3066 1030 3133 anni
1047 3057 1357 3157 intelligeretur').
1409 3061 1643 3151 vespertinos,
1669 3075 1709 3132 ut
1723 3063 1803 3136 illos
1818 3077 1957 3135 tantum
1974 3067 2180 3158 intelligant,
2257 3094 2303 3142 os
2319 3073 2407 3140 vul·

470 3168 529 3237 Ad
550 3191 629 3238 earn
653 3193 729 3238 rem
755 3181 969 3240 censuerunt
989 3167 1137 3235 idoneas
1160 3189 1202 3232 ex
1218 3161 1355 3231 infinita
1408 3186 1454 3251 go
1468 3162 1506 3229 in
1521 3159 1651 3235 scholis
1667 3179 1797 3235 vocant
1811 3166 1994 3239 Cosmicos
2008 3181 2044 3238 et
2056 3172 2220 3264 Acronyc
2248 3194 2307 3256 os,
2325 3196 2403 3243 non

369 3269 598 3343 multitudine
628 3271 809 3342 stellarum
841 3270 941 3339 coelo
970 3265 1255 3346 inhaerentium,
1293 3259 1357 3335 has
1410 3263 1585 3336 Heliacos.
1647 3266 1777 3336 Ortum
1812 3269 1908 3340 enim
1941 3271 2157 3342 matutinum
2189 3273 2401 3346 vocabimus

368 3375 461 3445 iere:
505 3373 687 3457 Pleiades,
721 3399 873 3468 quarum
895 3385 995 3443 ortus
1020 3371 1217 3444 matutinus
1240 3379 1358 3439 aesta·
1408 3366 1539 3437 Stellae
1573 3392 1757 3440 ascensum
1792 3397 1900 3464 supra
1928 3373 2163 3445 Horieoutem
2194 3399 2278 3445 cum
2305 3377 2399 3461 Sole,

369 3489 462 3561 tem,
488 3499 634 3547 occasus
651 3478 848 3548 matutinus
863 3472 1028 3569 hyemem
1047 3470 1217 3546 inchoare
1238 3470 1357 3539 crede·
1409 3493 1515 3563 quem
1539 3470 1766 3543 Ptolemaeus
1794 3472 2057 3571 συνανατολὴν
2085 3476 2183 3550 s‘cicr
2211 3474 2399 3574 dimiseris

368 3579 492 3659 batur;
532 3577 687 3663 Canem,
719 3579 818 3651 cuius
849 3592 950 3650 ortus
976 3576 1174 3650 matutinus
1198 3571 1356 3644 medium
1409 3572 1582 3663 appellen
1617 3588 1735 3644 ortum
1754 3600 1838 3647 vero
1857 3580 2114 3670 vespertinum,
2131 3579 2266 3651 Stellae
2280 3605 2397 3653 auen·

369 3680 533 3763 aestatis,
558 3694 593 3751 et
615 3681 892 3754 intensissimum
916 3693 1052 3752 aestum
1068 3678 1258 3756 afferebat;
1289 3673 1357 3744 Ar·
1408 3698 1487 3744 sum
1510 3699 1617 3767 supra
1641 3677 1897 3764 Horizontcm,
1936 3681 1998 3775 qui
2029 3684 2069 3753 fit
2088 3683 2172 3754 Sole
2200 3684 2395 3767 occidente,

370 3796 531 3865 ctutum,
561 3782 661 3853 cuius
683 3798 783 3855 ortus
810 3783 1005 3855 matutinus
1026 3781 1191 3855 autumni
1213 3776 1355 3850 initium
1409 3777 1472 3870 qui
1503 3801 1523 3845 a
1554 3777 1763 3850 Ptolemaeo
1798 3784 1929 3854 dieitur
1968 3781 2206 3879 συνανατολὴ
2246 3781 2395 3883 &nepio

371 3895 408 3955 et
428 3881 630 3953 vindemiae
652 3897 792 3976 tempus
812 3884 1054 3981 nuntiabat7).
1104 3882 1158 3957 lta
1181 3881 1355 3952 maiorem
1409 3876 1582 3974 ἀληθινή.

369 3997 510 4081 partem
532 3986 639 4069 anni,
665 4010 755 4081 quae
780 3989 940 4059 continet
952 4001 1093 4081 tempus
1113 3985 1266 4058 maxime
1280 3982 1357 4052 ido·
1511 3982 1648 4055 Rursus
1670 4008 1735 4076 per
1757 4010 1920 4060 occasum
1936 3990 2156 4062 matutinum
2168 3989 2397 4083 intelligire·

367 4112 498 4174 neum,
529 4112 603 4159 uon
635 4100 775 4159 tantum
805 4093 910 4162 rebus
935 4090 1161 4162 nascentibus
1185 4101 1357 4169 exterra,
1409 4083 1525 4155 lumus
1543 4085 1673 4156 Stellae
1693 4089 1903 4163 descensum
1927 4091 2020 4161 inira
2041 4092 2279 4165 lloriaontem
2302 4105 2399 4178 tnnc,

369 4191 431 4266 sed
449 4191 798 4285 peregrinationibus
821 4193 950 4277 ctiam,
976 4191 1262 4286 expeditionibus
1283 4189 1357 4258 bel·
1408 4209 1490 4255 cum
1503 4185 1564 4256 Sol
1588 4189 1721 4275 oritur,
1748 4218 1853 4287 quem
1870 4194 2096 4268 Ptolemaeus
2118 4195 2292 4267 nominat
2312 4216 2399 4294 wy-

367 4293 466 4375 licis‚
502 4307 537 4364 et
558 4294 637 4366 aliis
660 4296 765 4367 rebus
786 4296 970 4387 gerendis,
996 4296 1246 4367 discernebant
1265 4293 1356 4362 anti·
1407 4281 1617 4366 κατάδυσιν
1649 4286 1749 4368 edas
1780 4291 1984 4392 &induerim
2026 4322 2091 4390 per
2121 4321 2292 4371 occasum
2314 4320 2398 4368 vero

369 4396 532 4494 quissimi
566 4391 693 4466 harum
730 4399 841 4468 fenne
867 4398 1049 4471 stellarum
1078 4399 1215 4471 ortibus
1238 4409 1273 4466 et
1299 4422 1356 4466 oc·
1409 4394 1672 4483 vespertinum,
1712 4398 1842 4469 Stellae
1864 4404 2070 4472 descensum
2098 4400 2193 4470 inira
2221 4401 2398 4471 florinen-

368 4499 508 4573 casibus
532 4500 786 4590 apparentibus
807 4526 913 4572 mane
937 4514 1000 4571 aut
1025 4502 1176 4594 vesperi.
1227 4498 1355 4569 Postea
1409 4505 1498 4578 lem,
1524 4521 1604 4567 curn
1626 4500 1709 4571 Sole
1731 4501 1932 4587 occidente,
1958 4503 2020 4599 qui
2036 4505 2133 4595 apud
2146 4502 2396 4575 Ptolemaeum

367 4601 511 4698 sequuti
531 4602 591 4670 alii
617 4603 834 4703 addiderunt
856 4604 1014 4696 plurium
1032 4606 1214 4675 stellarum
1234 4603 1357 4673 obser·
1407 4608 1461 4667 est
1481 4598 1758 4699 συγκατάδυσις
1779 4602 1930 4704 ἑσπερία
1948 4600 2123 4701 ἀληθινή.
2174 4605 2255 4679 llos
2277 4619 2393 4677 autem

369 4706 549 4788 vationes,
584 4706 726 4801 aliaque
753 4731 884 4798 genera
916 4717 1080 4791 ortuum,
1113 4733 1188 4777 non
1215 4718 1354 4777 tantum
1408 4712 1508 4774 ortus
1542 4718 1577 4775 et
1611 4730 1754 4779 occasus
1790 4710 1869 4778 idco
1904 4710 2129 4801 potissimum
2166 4708 2395 4802 sumpsimus,

368 4819 409 4878 ut
425 4808 494 4880 illis
509 4821 671 4900 tempora
691 4808 970 4900 distinguerent,
995 4813 1056 4881 sed
1079 4812 1186 4879 etiam
1210 4821 1250 4880 ut
1267 4820 1355 4878 tem·
1408 4808 1505 4898 quod
1520 4809 1736 4899 experientia
1754 4824 1909 4893 constat,
1935 4813 2061 4882 Stellas
2078 4811 2189 4883 simul
2201 4812 2260 4882 vel
2278 4831 2395 4883 ascen·

368 4923 544 5002 pestatum
569 4934 693 4983 causas
714 4914 984 5006 quodammodo
1013 4924 1355 5004 praemonstrarent,
1407 4910 1530 4981 dentes
1545 4912 1602 4979 vel
1615 4914 1868 4985 descendentes
1881 4937 1961 4983 cum
1977 4915 2060 4987 Sole
2079 4928 2142 4986 aut
2162 4938 2208 4987 ex
2229 4914 2393 5009 opposito

368 5025 410 5083 ut
426 5026 562 5084 constat
579 5039 622 5085 ex
636 5013 746 5084 Plinii
767 5016 826 5087 18.
841 5016 935 5087 libro
950 5028 985 5086 et
1000 5014 1174 5088 Columel.
1190 5016 1249 5087 11.
1264 5026 1299 5084 et
1313 5039 1356 5086 ex
1407 5014 1572 5083 miranda
1596 5027 1631 5084 et
1652 5018 1789 5086 occulta
1808 5016 1843 5083 vi
1860 5028 2011 5089 naturae
2026 5018 2198 5104 excitari,
2222 5030 2262 5089 et
2276 5018 2393 5091 stimu-

367 5113 491 5186 Ovidii
506 5141 566 5185 sex
581 5117 755 5189 fastorum
771 5117 884 5192 libris.
1406 5117 1474 5185 lari
1488 5116 1602 5211 quasi,
1619 5131 1658 5188 ut
1673 5120 1847 5189 efficacius
1862 5132 2090 5211 tempestates
2101 5134 2258 5194 mutent.
2282 5120 2392 5192 Prod-

471 5215 541 5285 Sed
562 5231 733 5308 poterunt
752 5221 903 5294 studiosi
927 5216 1276 5293 adolescenteshanc
1291 5244 1354 5291 an·
1407 5220 1475 5289 erit
1503 5220 1613 5311 igitur
1640 5218 1806 5291 nonnihil
1831 5217 1918 5290 baec
1950 5238 2093 5294 ortuum
2125 5225 2324 5295 annotatio
2351 5225 2390 5292 ad

367 5317 544 5415 tiqnitatis
563 5320 784 5412 diligentiam
799 5322 1001 5410 imitantes,
1027 5337 1062 5395 et
1078 5325 1148 5396 iam
1163 5324 1354 5411 dictarum,
1407 5322 1576 5394 iudicium
1600 5324 1644 5394 de
1668 5326 1954 5418 tempestatibus,
1993 5351 2082 5420 quas
2108 5341 2235 5396 tamen
2257 5351 2334 5400 non
2353 5328 2401 5396 ab·

367 5435 403 5494 et
425 5423 577 5493 aliarum
599 5423 756 5514 plurium
780 5430 983 5514 stellarum,
1024 5453 1115 5522 quae
1140 5427 1294 5520 insigues
1316 5428 1354 5497 in
1405 5422 1473 5495 hac
1490 5426 1563 5497 sola
1580 5451 1683 5497 causa
1700 5431 1855 5520 pendere
1872 5429 2001 5499 eruditi
2021 5453 2145 5501 ornnes
2162 5429 2338 5526 sciunt').

399 5624 431 5692 ⁶)
450 5628 496 5688 n]
515 5626 557 5678 ⁵¹0
573 5627 625 5678 Ed·
639 5626 683 5692 as
706 5630 740 5680 ιδ
756 5628 807 5679 Ed·
822 5629 846 5681 ¹·
864 5630 954 5683 theat·
1438 5644 1471 5702 e)
1491 5638 1723 5709 assemanum]
1742 5643 1810 5694 sne
1824 5642 1855 5696 n
1873 5644 1922 5697 sa.
1934 5644 1961 5698 s.
1972 5643 2066 5696 nutu
2083 5645 2165 5709 ms,
2188 5642 2222 5694 tn
2242 5643 2297 5698 nc
2309 5643 2389 5693 cns

398 5712 433 5772 a)
449 5711 681 5780 intelligentem
698 5712 740 5764 sle
756 5712 808 5768 lld.
818 5713 861 5777 23
885 5714 935 5764 lto.
951 5716 975 5764 t.
992 5718 1215 5778 cognosceretur.
1473 5712 1613 5776 leguntur.

398 5798 433 5859 7)
450 5798 520 5850 nula
541 5800 603 5853 loco
625 5800 655 5851 ln
678 5798 805 5865 nsrglne
827 5798 970 5864 adscrtpts
991 5802 1074 5851 sunta
1106 5802 1145 5851 tlt
1161 5800 1242 5852 Plsto
1259 5797 1355 5853 scrlblt
1439 5802 1471 5864 9)
1490 5796 1576 5853 cutus
1593 5795 1634 5848 rel
1652 5820 1686 5833 -
1703 5807 1798 5848 onnes
1817 5765 1932 5868 salunt]
1951 5798 2033 5866 laec,
2053 5809 2122 5864 quse
2141 5798 2173 5853 ln
2189 5797 2247 5855 Ed.
2260 5800 2291 5855 2.
2302 5798 2395 5867 legun·

433 5870 535 5921 octavo
553 5869 588 5921 de
602 5867 713 5935 legibus
730 5878 795 5935 m.
805 5867 867 5922 189.
1473 5870 1538 5933 terr,
1560 5864 1596 5916 sb
1612 5863 1662 5916 Μ.
1679 5864 1702 5920 l.
1719 5867 1830 5919 abeunt.
2038 5885 2041 5890 ·
