5534 6700
309 566 386 642 eos
409 556 422 663 f
543 616 545 621 -
971 564 1093 641 xcix
1143 565 1412 643 nannum
1442 563 1683 638 nonnum
1818 602 1823 608 ·
2086 526 2094 536 ’
2270 570 2348 649 410

310 738 421 809 Piscis
435 738 472 807 in
489 737 678 833 aequoreis
692 752 806 830 perte
822 761 897 808 non
911 739 1035 808 interit
1050 738 1169 823 undis,
1357 739 1406 808 At
1420 762 1487 810 nos
1500 760 1591 829 opus
1606 736 1794 828 proprium
1809 737 1941 828 patris,
1966 734 2114 830 pulchre
2128 741 2265 830 lictum,
2297 758 2318 775 ·’

361 839 504 911 Invenit
517 855 553 910 et
571 854 672 911 muto
688 867 794 935 quem
812 842 907 932 legat
923 863 987 910 ore
1005 841 1138 926 cibum,
1407 841 1519 934 Queis
1536 853 1654 909 mente
1670 862 1739 907 vox
1755 840 1800 906 ab
1816 840 1941 907 intima

310 942 493 1039 Quicquid
527 939 634 1014 hahet
666 945 790 1028 tellus,
833 955 959 1035 perte
985 966 1097 1036 genus
1123 967 1229 1014 omne
1252 945 1304 1015 le-
1356 942 1482 1026 Venit,
1507 965 1573 1011 nec
1589 966 1652 1012 ore
1668 941 1828 1012 nascitur
1845 941 1962 1011 inanis
1977 960 2131 1016 summo.

885 1068 1022 1117 rarum.
1406 1045 1482 1117 Nos
1500 1069 1585 1136 ergo
1598 1040 1710 1139 quid?
1737 1041 1958 1114 tacebimus?

362 1146 403 1218 ln
419 1146 609 1239 praefinito
623 1146 713 1214 vivit
732 1146 876 1240 agitque
892 1147 984 1217 loco.
1355 1147 1403 1218 Et
1417 1145 1549 1216 hancce
1565 1148 1707 1217 laudem
1722 1146 1844 1216 hestiis
1860 1146 2121 1218 concedemus?

311 1248 404 1320 Vere
419 1274 515 1320 novo
532 1272 678 1340 serpens
699 1250 795 1319 cavis
811 1250 1000 1342 prosibilat
1014 1249 1137 1321 antris.
1407 1249 1442 1319 0
1458 1251 1561 1320 turba
1579 1251 1758 1340 particeps
1775 1248 1855 1332 Dei,

362 1352 455 1421 Ante
471 1365 593 1421 tamen
608 1351 759 1421 brumae
777 1353 929 1443 frigore,
955 1352 1070 1422 nutrit
1083 1348 1227 1435 humus,
1356 1352 1508 1421 Minime
1525 1352 1740 1434 tacebimus,
1765 1355 1867 1420 decet
1881 1373 1948 1422 nos
1965 1364 2147 1442 praestare

313 1455 410 1548 Quid
436 1477 654 1536 memorem,
686 1449 797 1537 nihil,
836 1467 1040 1546 contempta
1077 1454 1306 1537 animalcula,
1407 1453 1548 1536 Brutis,
1575 1457 1794 1523 decetnatos
1810 1477 1913 1523 suum

875 1580 1026 1639 vermes,
1357 1556 1484 1626 Colere
1503 1569 1708 1647 parentem,
1733 1555 1867 1646 gratias
1883 1579 1987 1646 agere
2005 1580 2166 1675 magnas,

362 1657 404 1727 ln
422 1659 539 1740 ferro,
564 1657 679 1742 saxis,
705 1658 891 1749 gramine,
916 1659 1065 1742 fronde,
1088 1658 1180 1743 luto,
1408 1659 1652 1753 Pectoreque,
1679 1681 1838 1751 voceque
1856 1658 2032 1742 unanimi,

311 1760 367 1830 En
384 1758 536 1852 dapibus
550 1759 665 1850 plenis
680 1784 833 1852 parvus,
860 1773 920 1832 tua
939 1762 1111 1845 numina,
1137 1760 1282 1847 mensis,
1357 1760 1711 1844 Protothenehciis,
1736 1772 1771 1828 et
1789 1759 1987 1830 innumeris
2002 1761 2120 1842 donis,

360 1863 457 1934 Grex
473 1877 577 1932 vocat
592 1863 722 1933 infanti
739 1875 774 1931 te
792 1863 889 1933 canit
905 1888 967 1932 ore
983 1861 1115 1947 Deum,
1409 1849 1549 1958 Quih'us
1565 1864 1625 1932 ille
1642 1887 1708 1933 nos
1727 1865 1915 1932 condecor
1917 1877 1954 1931 it.
2056 1888 2059 1907 ¹

312 1964 384 2058 Qui
399 1967 511 2037 factos
528 1964 614 2036 lacis
631 1988 705 2036 esse
720 1977 821 2048 tuos,
846 1989 937 2061 quos
955 1968 1083 2037 educat
1097 1966 1191 2034 alma
1358 1965 1465 2059 Quod
1486 1968 1663 2038 vescimur
1676 1964 1864 2058 vitalibus,
1889 1959 2075 2049 homines,
2099 1962 2209 2050 auris,

363 2066 538 2149 Dextera,
563 2063 619 2138 his
633 2080 809 2161 perpetuo
822 2068 879 2138 lac
895 2081 999 2160 pater
1014 2093 1089 2140 esse
1103 2067 1202 2139 velis.
1409 2067 1599 2138 Primum
1588 2066 1698 2159 ipsius
1713 2063 1783 2137 hoc
1797 2090 1928 2138 munus
1945 2079 2010 2138 est

1357 2169 1452 2239 Dein
1469 2174 1567 2265 quod
1589 2171 1705 2262 ipsum
1726 2169 1939 2259 agnovimus
1954 2170 2071 2240 solum
2089 2193 2238 2254 numen,

647 2288 764 2359 puer
798 2289 972 2361 iamin,
1409 2271 1627 2344 Beneficium
1645 2284 1697 2343 est
1713 2273 1940 2364 primarium.

1357 2370 1512 2446 Pulcher
1531 2376 1629 2471 quod
1644 2399 1765 2458 sexus,
1791 2369 1889 2444 haud
1905 2398 1962 2444 res
1976 2375 2191 2467 spernenda.

1409 2476 1484 2549 Nec
1501 2501 1585 2548 saxa
1601 2501 1750 2561 sumus,
1772 2489 1835 2548 aut
1849 2477 1997 2568 stipites.
2327 2533 2331 2540 .

1358 2577 1468 2672 Quod
1482 2580 1577 2649 unde
1592 2581 1761 2661 edamus,
1787 2579 2000 2665 vestiamus,
2023 2593 2097 2663 est,
2123 2578 2276 2668 confert,
2335 2646 2339 2653 .

1409 2679 1457 2750 Et
1471 2683 1647 2752 discemus
1662 2681 1759 2774 quod
1776 2681 1922 2763 litteras,

1357 2782 1433 2854 Nec
1446 2785 1608 2875 degimus
1624 2782 1782 2875 bonique
1801 2775 1960 2876 'nimique
1977 2784 2141 2874 ignarum
2158 2806 2300 2855 aevum·

1410 2886 1503 2957 Num
1521 2885 1635 2955 laudis
1650 2897 1702 2955 est
1717 2883 1882 2974 occssio?
2086 2888 2094 2903 ⁸

1358 2986 1482 3082 Quare
1496 2989 1589 3080 agite
1606 3011 1677 3078 pro
1689 3011 1726 3057 se
1741 2988 1893 3080 quisque
1910 2987 2159 3056 concelebrato

1409 3091 1549 3184 Quibus
1565 3102 1682 3181 potest
1696 3103 1833 3179 patrem
1854 3090 1971 3160 modis

1358 3191 1407 3262 Et
1423 3196 1467 3262 ad
1487 3217 1590 3264 suum
1604 3194 1728 3260 redeat
1745 3214 1835 3281 opus
1853 3192 1961 3260 alacri
1979 3203 2111 3260 mente.

1410 3295 1467 3366 Sic
1482 3295 1531 3368 sic
1547 3307 1649 3386 pater
1664 3305 1786 3364 noster
1801 3293 1910 3365 iubet.

313 2422 509 2516 Postquam
537 2436 701 2515 exempta
727 2424 859 2506 fames,
894 2424 1078 2518 epulisque
1103 2426 1224 2516 lupata
1251 2447 1307 2494 re·

363 2625 420 2694 Λᾶ
435 2627 594 2697 studium
607 2629 731 2697 redeat
744 2525 1016 2720 parvuldllllha
1037 2653 1154 2700 suum.

312 2725 369 2799 lta
394 2739 517 2819 pater,
549 2730 640 2811 alta,
676 2743 739 2798 tuo
766 2729 830 2799 tihi
852 2752 1022 2815 munere,
1055 2753 1207 2822 corpora
1233 2752 1306 2798 cre-

877 2843 990 2916 scant,

355 2930 444 3002 ‘Una
466 2930 512 3001 sit
529 2931 720 3023 imperium
738 2955 821 3001 cura
841 2931 970 3002 obiisse
987 2946 1102 3004 tuum.

314 3032 394 3106 Neu
417 3045 477 3103 tua
501 3057 580 3103 cum
603 3045 859 3115 mercatam,
883 3029 980 3104 haud
997 3047 1057 3104 tua
1076 3035 1169 3106 iussu
1186 3057 1306 3126 capes·

895 3150 969 3207 ant.

366 3237 474 3331 Quod
493 3237 616 3306 iubeas
630 3237 783 3319 faciant,
809 3161 978 3332 quolique
994 3249 1091 3308 vetes
1105 3236 1255 3328 tugiam.

314 3339 424 3412 sicin
441 3339 610 3410 concordi
628 3343 735 3430 degat
748 3362 849 3412 mens
866 3363 1036 3432 corpore,
1061 3354 1098 3410 et
1112 3364 1183 3411 una

365 3442 583 3525 Conveniet,
609 3455 725 3512 tecum
743 3442 788 3512 sit
804 3442 880 3512 sine
895 3446 966 3512 fine
983 3443 1071 3515 dies.
1523 3481 1609 3554 sub
1635 3468 1868 3572 vesperam
1896 3480 2184 3551 koiffliticon,

1358 3620 1463 3692 Nunc
1478 3609 1651 3702 cubicum,
1673 3619 1846 3711 quoniam
1861 3641 1990 3706 magna
2005 3628 2057 3687 est
2072 3640 2157 3707 pars
2173 3628 2250 3685 acta
2267 3615 2353 3702 diei,

413 3768 416 3772 ·
808 3797 816 3813 .
961 3800 970 3816 ,
1133 3775 1135 3786 ·
1409 3722 1668 3817 Tenebraeque
1684 3732 1797 3790 terras
1813 3732 1999 3812 occupant,

313 3802 446 3872 Mem
463 3822 573 3889 We
590 3822 696 3887 μοι’
723 3809 835 3888 palm
850 3823 970 3890 “mim
988 3800 1119 3891 9¹⁰¹‘⁸’
1357 3823 1454 3895 lmus
1473 3823 1625 3918 quisque
1641 3847 1723 3895 suas
1740 3824 1867 3907 cedes,
1890 3845 2074 3915 pensoque
2097 3821 2217 3891 soluto
2297 3865 2302 3872 -

364 3901 489 4005 Magni
508 3901 637 3990 patris,
664 3899 786 3989 magui
800 3897 881 3969 Dei.
1410 3925 1543 3997 curam
1559 3925 1632 3996 diei
1647 3925 1829 4020 ponimm

212 4060 214 4063 ·
315 4000 457 4123 Chfifw
478 4026 598 4085 ⁸³⁶⁰ss
620 3998 935 4121 ducique-clffssw
952 4005 1115 4088 d⁰V⁰²¹¹⁸²
1329 3957 1463 4102 lNunc
1476 4028 1647 4122 propria,
1674 4028 1836 4120 opueri,
1863 4018 2063 4097 occursebit
2077 4026 2203 4096 mortis
2218 4026 2350 4117 imago.

363 4105 845 4187 D¹⁰³m⁰⁸¹³⁰d⁰⁸⁰¹¹¹¹¹¹⁰¹’
1409 4132 1592 4203 Germana
1609 4131 1695 4202 laeti
1708 4125 1798 4200 haec
1815 4140 1868 4200 est
1884 4154 1996 4223 quies
2085 4171 2087 4182 ·

313 4208 445 4280 vmu‘
461 4231 632 4277 mmmm
647 4207 806 4277 b¹³e⁸¹¹¹⁰
826 4207 921 4278 '‘V“
941 4232 1016 4292 ⁰¹⁹²
1357 4233 1492 4307 Discite
1508 4259 1573 4306 vos
1587 4233 1701 4327 patri,
1728 4232 1855 4329 quami
1870 4231 1972 4315 estis,
1998 4232 2142 4300 credere
2159 4241 2290 4301 vestro.

365 4311 543 4428 carmen?
568 4309 701 4428 m⁸¹⁰⁸3
727 4304 895 4427 ‘ylhm’
922 4310 1011 4430 ΙΨ·
1409 4338 1590 4421 Periistis,
1615 4333 1674 4406 hic
1694 4335 1905 4426 sinegligat.

312 4414 369 4486 En
386 4415 604 4533 p‘lhemgne
618 4413 687 4531 del)
688 4422 716 4530 ’.ι
718 4435 739 4480 ⁰
756 4411 836 4481 ⁶¹b⁰
854 4426 1001 4504 ΜΝ
1357 4440 1518 4530 Exiguus
1533 4452 1641 4511 restat
1657 4434 1870 4509 dehiscentis
1883 4434 2029 4556 spiritus
2046 4434 2132 4518 oris,

363 4518 556 4599 R⁰d¹¹⁰¹¹⁸’
583 4529 619 4584 el
633 4510 724 4585 ΠΜ
737 4515 847 4585 dem·
1410 4543 1512 4614 Mors
1526 4555 1670 4636 praeter
1683 4538 1805 4612 hunc
1795 4540 1984 4633 ipsissima.

1358 4646 1455 4739 Ergo
1472 4647 1572 4739 prius
1589 4646 1702 4715 dulcis
1717 4669 1825 4739 quam
1842 4644 1985 4712 claudat
1999 4638 2137 4709 lumina
2157 4660 2330 4721 somnus,

1410 4748 1458 4818 Et
1472 4750 1560 4819 sessa
1576 4749 1737 4817 membra
1754 4758 1902 4829 recreet,

605 3655 781 3732 Chorus
808 3664 1018 3754 puerilis.

312 4617 427 4714 lgitur
444 4643 527 4690 aves
547 4630 698 4689 sonante
715 4628 858 4709 gutture
877 4617 1045 4689 coelestes

365 4721 555 4814 Complere
570 4733 746 4790 certantes
763 4721 904 4804 domos,

312 4826 461 4898 Surfflm
478 4826 645 4894 demum
662 4836 698 4893 ²¹
712 4822 751 4891 3¹¹
764 4823 859 4893 Vim
872 4824 1144 4915 Pf⁰V⁰li¹²¹¹le⁸
1359 4852 1418 4924 Sic
1432 4851 1582 4944 geminis
1597 4874 1737 4921 sursum
1756 4852 1800 4917 ad
1816 4845 1998 4918 nascentia
2017 4844 2134 4916 sidera
2148 4816 2277 4933 palmis

316 4952 318 4957 ’
364 4929 409 4999 Se
424 4929 520 5020 ipsos
533 4928 717 4998 studentes
732 4926 888 5010 vincere,
1411 4954 1559 5037 'remig
1586 4951 1784 5045 precamim
1774 4950 1940 5020 ‘zDeum

311 5032 461 5104 Frustra
475 5031 660 5149 fidem-¹¹⁸2
688 5029 907 5101 ‘lfffl‘ffl
923 5053 1012 5099 νοω
1358 5058 1416 5128 Da
1441 5071 1565 5151 pater,
1598 5054 1692 5126 hanc
1716 5054 1856 5124 facilem
1884 5060 2009 5141 carpat
2030 5070 2132 5119 mens
2156 5047 2249 5116 laeta
2275 5031 2354 5140 qui-

364 5134 527 5203 Faterrer
544 5134 707 5223 opificem
726 5130 869 5201 Deum?
1926 5166 2033 5235 ecem,

1334 5760 1414 5826 lm

311 5237 455 5308 Mutum
474 5232 585 5318 nihil,
612 5234 758 5303 taciturn
777 5230 889 5317 nihil,
916 5246 1042 5304 cuncta
1061 5257 1204 5319 sonare,
1410 5262 1484 5333 Et·
1474 5286 1512 5333 m
1528 5286 1610 5334 „nu
1624 5273 1806 5331 aeternam
1825 5271 1900 5328 mo

364 5340 477 5410 hut
449 5362 549 5431 signa
569 5340 667 5408 vocis
682 5340 798 5407 edere.
1940 5376 1945 5384 .

310 5444 365 5515 Ut
379 5444 445 5514 suh
461 5441 631 5534 profundi
646 5440 805 5510 fluminis
820 5438 919 5530 vagis
933 5439 1053 5523 undis,

363 5544 494 5616 Laevis
509 5545 591 5615 salit
604 5567 689 5634 gens
705 5542 869 5633 piscium.
938 5625 942 5632 ί
957 5555 959 5562 “

311 5649 361 5720 Et
374 5673 449 5720 sese
465 5649 503 5717 in
519 5672 627 5717 auras
643 5647 770 5727 librat,
796 5668 838 5712 ac
853 5643 981 5736 recipit
992 5644 1103 5717 intro.

364 5750 413 5823 Et
429 5776 502 5846 quo
518 5754 645 5833 datur,
669 5748 794 5819 laudat
807 5744 937 5819 Deum.

1623 5449 1686 5519 lle
1713 5449 1840 5520 cultu
1868 5448 2091 5540 corporis.

1742 5569 1797 5640 Ex
1823 5569 1969 5640 Ovidio'.

1361 5703 1433 5771 (llic
1452 5707 1533 5756 toccu
1545 5704 1748 5770 complectttur
1761 5704 1843 5757 (told
1859 5702 1925 5755 Art.
1939 5702 2029 5754 artat.
2043 5701 2069 5764 1,
2080 5696 2239 5750 010-017.
2254 5693 2355 5762 sim,

1359 5775 1498 5827 199.000
1517 5774 1602 5824 700
1603 5774 1696 5832 709,
1720 5775 1816 5836 sosque
1834 5774 1918 5837 tepori
1909 5776 1978 5823 tor.
2017 5773 2150 5835 ouatuor
2168 5769 2266 5818 autem
2284 5777 2356 5819 cer·
