5534 6700
311 582 385 661 405
510 581 553 657 ll.
604 581 924 657 EXHORTATIO
948 579 1257 656 MAXlMlLlANl
1283 581 1350 655 AD
1376 578 1579 652 BELLUM
1605 575 1781 650 TURCIS
1805 574 2140 653 INFERENDUM.
2267 581 2343 653 466

306 758 465 827 Pontum
485 755 667 828 Euxinum
692 770 875 838 tenerent,
916 769 956 826 ut
979 780 1054 824 non
1081 755 1193 838 mari,
1221 779 1298 825 non
1350 752 1504 822 Memini
1523 778 1581 822 me
1600 776 1714 843 puero
1729 747 1826 821 hunc
1842 764 2015 845 tanquam
2030 750 2273 820 Alexandrum
2291 752 2342 819 al-

307 858 513 942 montibus‚
544 883 621 929 non
650 859 896 951 magnitudine
918 857 1047 928 Graeci
1070 856 1213 950 imperii
1238 859 1298 927 de·
1350 869 1467 925 terum
1498 855 1721 947 praedicari,
1753 855 1900 947 eiusque
1925 852 2098 948 virtuttt)
2124 867 2159 923 et
2180 851 2342 922 felicitati

306 961 424 1031 territi
441 961 532 1044 sint,
557 986 629 1056 quo
647 962 765 1031 minus
780 963 819 1028 in
834 961 958 1031 Asiam
979 973 1014 1029 et
1028 959 1213 1053 Europam
1232 960 1299 1029 im·
1349 982 1465 1050 prona
1490 958 1613 1026 omnia
1635 957 1762 1028 videri.
2272 1038 2283 1053 .

305 1077 430 1157 petum
464 1064 642 1146 lacerent,
678 1089 757 1134 cum
796 1063 941 1157 quidem
978 1086 1126 1155 magnas
1151 1063 1298 1154 insuper
1451 1057 1492 1129 ln
1515 1066 1615 1129 tauta
1639 1056 1880 1151 trepidatione
1903 1071 2132 1140 nostrorum,
2158 1054 2255 1126 Deus
2271 1057 2340 1126 cle-

307 1167 425 1236 clades
454 1167 670 1258 acciperent:
712 1190 760 1234 an
785 1189 881 1235 nunc
903 1168 1052 1258 adeptos
1073 1178 1212 1235 tantam
1234 1188 1297 1255 po·
1350 1172 1490 1233 menter
1508 1163 1664 1253 respexit
1682 1160 1879 1232 Ecclesiam
1901 1185 2023 1244 suam,
2050 1173 2085 1229 et
2105 1159 2158 1227 illi
2182 1173 2338 1251 tyranno

306 1269 477 1351 tentiam,
511 1282 629 1339 tantas
652 1268 766 1351 vires,
800 1281 835 1337 et
856 1263 926 1338 hoc
945 1267 1147 1359 fastigium,
1180 1267 1298 1338 existi·
1350 1264 1423 1331 iam
1445 1260 1570 1335 Italiae
1595 1265 1733 1333 aditum
1756 1263 1893 1365 tenenti
1916 1286 2045 1333 manus
2069 1262 2209 1344 iniecit,
2241 1286 2339 1331 eum-

305 1369 412 1440 matis
426 1393 503 1437 non
517 1370 686 1440 delectari
700 1368 848 1462 lmperii
862 1370 1001 1461 gloria?
1031 1371 1085 1443 Ac
1099 1394 1186 1441 vero
1200 1392 1298 1439 acer·
1350 1390 1442 1459 que,
1466 1390 1513 1437 ne
1532 1367 1693 1437 funditus
1715 1362 1960 1437 Christianum
1985 1389 2139 1449 nomen,
2172 1388 2253 1463 aras
2274 1388 2340 1433 no-

305 1473 420 1543 rimus
443 1485 495 1542 est
517 1473 681 1544 stinmlus
709 1473 748 1541 in
769 1472 947 1545 bellicosis
970 1470 1143 1564 ingeniis,
1178 1496 1297 1541 armo·
1349 1480 1461 1552 stras,
1486 1469 1811 1541 etsacratissimam
1825 1467 2035 1558 religionem
2051 1469 2204 1550 deleret,
2230 1490 2339 1535 eme-

305 1599 387 1646 rum
403 1587 438 1643 et
454 1572 600 1668 Imperii
615 1578 741 1659 decus,
769 1577 977 1667 praesertim
994 1577 1022 1647 si
1038 1575 1170 1667 aspiret
1187 1576 1296 1644 etiam
1350 1572 1411 1639 dio
1434 1568 1595 1655 sustulit,
1621 1585 1729 1665 atque
1754 1569 1913 1640 extinxit.
1972 1570 2051 1642 Hoc
2073 1571 2245 1641 beneficio
2269 1570 2340 1639 cla·

304 1679 461 1747 fortuna.
523 1738 525 1743 .
1349 1672 1489 1744 tissime
1526 1686 1674 1746 testatus
1709 1687 1761 1744 est
1785 1672 1903 1755 Deus,
1934 1698 2000 1744 nos
2025 1674 2095 1745 sibi
2121 1698 2227 1744 curae
2252 1696 2339 1743 esse.

407 1778 544 1848 Multae
567 1793 687 1851 autem
712 1793 857 1850 nostrae
881 1781 1000 1850 clades
1013 1780 1198 1849 numerari
1215 1803 1298 1871 pos·
1350 1773 1460 1867 Quod
1493 1777 1638 1871 quidem
1668 1777 1697 1847 si
1728 1776 1973 1868 agnoscimus,
2014 1777 2231 1868 cogitemus,
2272 1798 2339 1846 uos

304 1894 388 1952 sunt
404 1882 488 1951 inde
504 1906 617 1976 usque
632 1906 652 1951 a
668 1883 827 1975 praelio,
850 1885 947 1976 quod
962 1881 1211 1974 sigismundus
1227 1880 1297 1951 lm·
1349 1879 1494 1970 quidem
1520 1904 1563 1949 eo
1584 1892 1745 1950 servatos
1768 1902 1862 1959 esse,
1892 1901 1968 1947 non
1983 1892 2023 1947 ut
2040 1880 2148 1949 otiosi
2164 1894 2337 1970 perpetuo

304 1995 451 2076 perator
469 2009 549 2054 cum
564 1984 693 2057 'l'urcis
714 1984 904 2055 infeliciter
919 1986 1118 2069 commisit,
1144 2009 1224 2054 cum
1242 1984 1297 2053 in-
1349 1982 1504 2070 grassari
1527 1982 1564 2050 in
1579 1980 1736 2051 Ecclesia
1751 1982 1888 2050 Turcas
1907 1980 2085 2064 sinamus,
2111 1984 2174 2051 sed
2194 1995 2235 2050 ut
2248 1983 2339 2050 exci-

305 2099 401 2155 terea
437 2087 575 2162 nullam
610 2088 680 2179 ipsi
713 2089 888 2180 insignem
916 2089 1052 2158 cladem
1081 2087 1295 2179 acceperint.
1348 2083 1416 2151 tati
1437 2109 1504 2153 nos
1527 2109 1670 2178 quoque
1694 2108 1779 2153 cura
1795 2083 1973 2153 Ecclesiae
1994 2084 2201 2154 liberandae
2225 2098 2261 2153 et
2278 2085 2339 2153 de·

302 2184 427 2281 ltaque
444 2189 482 2257 in
497 2202 571 2258 tam
584 2190 679 2260 felici
693 2190 925 2260 victoriarum
944 2216 1069 2274 cursu,
1095 2216 1203 2285 quam
1221 2214 1296 2259 non
1346 2185 1547 2256 fendeudae
1569 2187 1784 2269 afficiamur,
1811 2199 1847 2256 et
1868 2186 2021 2257 sciamus
2033 2187 2151 2257 Deum
2171 2206 2247 2255 rem
2265 2200 2339 2255 tam

298 2290 496 2374 cessarint,
528 2293 668 2363 videtis.
722 2293 772 2361 Ut
794 2294 889 2362 enim
913 2294 1078 2365 omittam
1100 2317 1157 2363 res
1181 2305 1296 2383 gestas
1348 2289 1446 2378 piam
1478 2290 1751 2381 suscipientibus
1785 2291 1980 2359 affuturum
2008 2314 2093 2361 esse.
2150 2289 2243 2362 Nam
2271 2314 2339 2361 nos

304 2392 555 2482 superiorum,
580 2391 829 2476 Mabometus,
863 2396 927 2488 qui
948 2421 1004 2464 me
1027 2419 1140 2486 puero
1161 2393 1297 2477 floruit,
1349 2390 1508 2482 quidem,
1535 2393 1664 2485 quibus
1678 2393 1896 2483 reipublicae
1912 2393 2070 2462 defensio
2088 2394 2337 2462 commendata

305 2516 446 2563 summa
461 2495 654 2578 celeritate,
680 2520 745 2566 ceu
757 2496 893 2565 fulmen
911 2499 1107 2590 quoddam,
1127 2519 1294 2587 magnam
1348 2504 1421 2574 est,
1446 2516 1520 2561 nou
1548 2495 1658 2563 alium
1679 2494 1758 2563 Deo
1781 2496 1915 2565 cultum
1939 2496 2133 2585 gratiorem
2155 2510 2338 2588 praestare

304 2592 476 2686 Europae
500 2610 639 2687 partem
663 2611 878 2690 pervagatus
899 2611 968 2683 est,
996 2623 1075 2669 cum
1099 2598 1296 2668 inPanno-
1348 2618 1549 2683 possumus.
1600 2594 1783 2665 Divinitus
1798 2609 1834 2665 et
1849 2597 1938 2664 illud
1956 2597 2102 2681 accidit,
2128 2600 2226 2691 quod
2248 2622 2339 2668 non·

304 2696 375 2765 niis
400 2697 590 2769 infeliciter
614 2700 835 2784 dimicasset,
869 2701 983 2771 victus
1005 2725 1026 2769 a
1047 2699 1182 2770 Ioanne
1195 2700 1297 2768 flun-
1348 2691 1441 2765 nibil
1463 2699 1694 2767 retardarunt
1714 2698 1945 2767 victoriarum
1970 2695 2170 2769 Mabometi
2193 2725 2335 2771 cursum

304 2799 433 2882 niade,
464 2824 693 2895 nequaquam
716 2802 839 2871 animo
861 2803 994 2873 fractus
1015 2815 1087 2886 est,
1117 2804 1179 2874 sed
1203 2802 1297 2873 Con·
1347 2799 1535 2869 fortissimi
1556 2801 1645 2884 viri,
1671 2800 1829 2892 primum
1848 2797 2000 2871 loannes
2022 2800 2250 2882 Hunniades,
2277 2805 2338 2871 de-

305 2901 578 2995 stantinopolim
611 2907 780 2986 adortus,
819 2905 882 2973 diu
909 2906 1108 2989 obsessam,
1149 2906 1296 2975 tandem
1349 2899 1434 2970 inde
1454 2902 1631 2994 Georgius
1654 2902 1931 2986 Scanderbeius,
1969 2916 2005 2973 et
2027 2903 2105 2972 Rex
2130 2903 2337 2995 Hungariae

304 3026 424 3087 anno,
458 3018 651 3098 antequam
675 3019 908 3089 natussum,
937 3019 1056 3091 sexto,
1088 3006 1125 3075 vi
1155 3020 1296 3099 captam
1348 3000 1533 3076 Matthias.
1585 3003 1756 3075 Libenter
1777 3005 1876 3074 enim
1894 3029 2161 3090 commemoro,
2187 3020 2228 3077 ut
2243 3008 2339 3099 cogi·

305 3106 477 3198 diripuit,
503 3109 746 3180 crudelissime
763 3108 950 3179 interfecto
964 3107 1188 3202 Imperatore
1203 3109 1297 3180 Con·
1350 3105 1432 3177 tetis
1451 3108 1603 3178 salutem
1621 3105 1801 3179 Ecclesiae
1816 3107 1895 3177 Deo
1921 3132 2029 3179 curae
2053 3132 2146 3192 esse,
2173 3122 2208 3179 et
2224 3122 2265 3179 ut
2278 3111 2340 3179 de·

305 3208 486 3290 stantino,
521 3225 674 3301 cognato
694 3223 840 3293 nostro,
867 3225 903 3280 et
926 3213 1038 3303 raptis
1064 3214 1110 3281 ad
1132 3225 1297 3303 stuprum
1349 3209 1466 3279 bitum
1497 3209 1640 3281 virtutis
1671 3210 1916 3282 testimonium
1949 3205 2006 3281 bis
2030 3211 2179 3283 ducibus
2204 3212 2340 3303 optime

304 3311 381 3384 eius
397 3311 529 3383 liberis.
1350 3311 1487 3384 meritis
1515 3312 1728 3386 tribuamus.
1786 3312 1862 3385 Hos
1884 3313 1981 3384 enim
2003 3313 2250 3406 antagonistas
2274 3338 2340 3387 ceu

408 3414 539 3484 Postea
565 3428 667 3507 capta
686 3411 863 3500 Thracia,
889 3414 1044 3511 Mysiam
1067 3417 1225 3501 invadit,
1256 3441 1298 3486 ac
1350 3437 1495 3485 murum
1524 3417 1695 3509 opposuit
1724 3415 1822 3488 Deus
1850 3415 2004 3487 irruenti
2028 3414 2261 3500 Mabometo,
2294 3443 2340 3488 ne

303 3516 379 3586 fere
396 3528 474 3586 toto
489 3513 632 3611 Illyrico
651 3519 811 3602 domito,
837 3532 873 3589 et
890 3531 1064 3611 occupato
1082 3543 1192 3612 regno
1208 3519 1298 3591 Bos-
1349 3516 1468 3588 subito
1484 3517 1623 3611 impetu
1639 3519 1842 3589 universam
1859 3516 2044 3610 Europam
2062 3519 2295 3610 opprimeret.

304 3641 397 3702 nae,
430 3616 621 3693 Graeciam
646 3621 821 3691 adoritur.
880 3618 1095 3692 Corinthum
1128 3623 1163 3690 vi
1189 3648 1297 3715 erpu-
1379 3645 1382 3654 ·
1451 3619 1616 3692 Primum
1650 3621 1690 3689 in
1715 3621 1942 3690 Pannoniam
1969 3620 2169 3711 ingressus,
2206 3644 2340 3714 magno

304 3731 410 3814 gnat,
442 3734 479 3790 et
500 3722 791 3814 Peloponnesum
814 3723 945 3793 ditioni
966 3749 1050 3796 suae
1073 3725 1212 3808 adiicit,
1243 3726 1298 3794 in·
1350 3722 1465 3793 victus
1494 3736 1548 3793 est
1579 3724 1624 3792 ab
1645 3722 1851 3794 Hunniade.
1913 3721 2054 3793 Deinde
2078 3737 2259 3794 remorata
2289 3737 2342 3796 est

305 3824 461 3896 terfectis
493 3824 739 3917 Palaeologis,
776 3825 961 3896 Demetrio
996 3840 1031 3897 et
1057 3824 1200 3898 Thoma
1226 3829 1298 3896 fra·
1350 3849 1432 3896 eum
1457 3848 1523 3916 per
1545 3825 1678 3916 multos
1699 3849 1814 3896 annos
1828 3825 2071 3898 Macedonia·
2106 3827 2199 3899 Nam
2219 3829 2340 3922 quoad

304 3927 432 3998 tribus.
1350 3928 1439 3997 vixit
1453 3927 1730 4011 Scanderbeius,
1754 3928 1923 4020 repressit
1936 3930 2146 4015 barbarum,
2172 3943 2208 4000 et
2221 3931 2341 4024 singu·

409 4029 484 4099 'l'ot
503 4028 623 4120 regnis
649 4030 905 4121 acprovinciis
926 4033 964 4100 in
979 4030 1126 4123 Europa
1151 4030 1298 4122 potitus,
1350 4030 1419 4099 lari
1443 4031 1574 4102 virtute
1597 4045 1632 4101 et
1656 4031 1849 4102 faelicitate
1871 4032 2029 4122 patrium
2048 4056 2197 4122 regnum
2220 4033 2341 4102 defen-

306 4132 396 4204 adeo
421 4156 497 4202 non
519 4131 654 4223 recepit
669 4157 706 4203 se
724 4133 762 4202 in
779 4133 912 4220 otium,
938 4147 978 4205 ut
991 4136 1142 4206 subinde
1158 4134 1297 4203 maiora
1350 4134 1415 4203 dit.
1467 4132 1546 4201 Hoc
1567 4147 1712 4204 mortuo
1736 4134 1882 4204 tandem
1906 4133 2140 4217 Macedonia,
2163 4157 2241 4204 non
2260 4134 2341 4206 diu·

305 4260 368 4328 spe
388 4247 494 4330 atque
517 4235 640 4304 animo
657 4235 873 4327 conciperet.
925 4235 1136 4308 Constitutis
1150 4236 1298 4329 provin·
1350 4249 1459 4306 turno
1491 4236 1586 4306 bello
1619 4249 1766 4319 vexata,
1799 4237 1877 4306 sine
1909 4237 2105 4306 certamine
2130 4231 2339 4308 Mabometo

307 4338 371 4408 ciis
392 4338 431 4406 in
453 4337 619 4428 Europa,
647 4338 780 4408 traiicit
801 4338 840 4407 in
862 4339 1006 4422 Asiam,
1032 4340 1296 4432 Trapezuntem
1351 4339 1466 4410 cessit.
1517 4335 1691 4410 Matthias
1709 4335 1885 4435 aliquot⁶)
1907 4338 2052 4430 praeliis
2064 4340 2241 4410 deterruit
2256 4364 2340 4412 eum

308 4453 487 4530 expugnat
504 4463 587 4531 rege
607 4441 807 4511 interfecto.
859 4440 1000 4512 Deinde
1015 4443 1224 4536 Mitylenem
1241 4465 1299 4512 ar·
1351 4443 1397 4512 ab
1412 4440 1618 4531 Hungaria;
1644 4443 1690 4511 ad
1707 4437 1796 4511 haec
1810 4465 1928 4511 arcem
1947 4441 1980 4511 ei
1996 4441 2340 4524 Sabacearn„truci·

307 4541 377 4612 mis
398 4542 508 4633 cepit;
537 4566 691 4637 cumque
711 4544 783 4613 iam
799 4544 977 4615 minorem
990 4545 1112 4616 Asiam
1135 4570 1176 4614 ac
1188 4544 1297 4614 Ponti
1351 4545 1437 4614 dato
1453 4545 1610 4615 exercitu
1624 4543 1798 4629 Tusciae,
1821 4545 1966 4637 eripuit.

308 4667 412 4713 oram
436 4645 642 4716 universam
664 4659 822 4730 teneret,
848 4648 1017 4718 transfert
1031 4648 1163 4717 bellum
1180 4647 1218 4714 in
1234 4647 1299 4740 Sy·
1452 4644 1619 4717 Extincto
1638 4647 1749 4738 igitur
1763 4643 1975 4717 Mabometo
1991 4648 2173 4740 paulisper
2187 4647 2340 4740 respira-

306 4747 400 4818 riam
416 4759 451 4816 et
466 4747 681 4842 Aegyptum.
723 4749 794 4820 Sed
811 4773 891 4818 cum
908 4749 1077 4821 Sultanus
1094 4750 1168 4819 acie
1184 4749 1299 4822 victus
1351 4747 1480 4820 vimus.
1531 4747 1624 4820 Nam
1647 4763 1683 4819 et
1699 4750 1893 4822 domestica
1909 4750 2081 4824 dissensio
2095 4764 2250 4822 mortem
2264 4751 2340 4822 eius

305 4872 433 4943 pacem
462 4863 618 4942 peteret,
660 4851 745 4945 quia
776 4852 923 4923 maioris
951 4852 1087 4943 gloriae
1108 4852 1297 4922 materiam
1350 4863 1501 4946 sequuta
1525 4865 1595 4931 est;
1627 4853 1691 4922 sed
1714 4852 1900 4947 aliquanto
1920 4865 2021 4945 post,
2054 4854 2185 4925 sedatis
2208 4853 2342 4926 Macor-

308 4951 398 5021 vidit
422 4975 497 5026 esse
521 4956 560 5023 in
580 4953 749 5047 Europa,
781 4956 907 5026 foedus
932 4980 1012 5026 cum
1032 4954 1182 5026 Sultano
1203 4955 1298 5039 ferit,
1350 4955 1420 5026 diis
1431 4953 1621 5039 intestinis,
1643 4954 1773 5025 iterum
1788 4955 1914 5027 vicinis
1927 4955 2046 5048 regnis
2060 4956 2152 5026 bella
2170 4956 2340 5028 inferunt.

308 5067 344 5124 et
365 5055 509 5128 rediens
529 5058 567 5128 in
584 5055 790 5147 Europam,
817 5058 989 5130 instructa
1008 5057 1134 5142 classe,
1162 5070 1198 5127 et
1214 5081 1299 5128 con·
1350 5057 1516 5130 Paraites
1547 5053 1757 5128 Mathonem
1792 5058 1939 5132 Venetis
1972 5059 2108 5152 ingenti
2145 5063 2339 5132 certamine

307 5159 431 5254 tractis
464 5160 577 5252 copiis
602 5159 734 5230 traiicit
756 5161 794 5230 in
816 5158 976 5244 ltaliam,
1015 5174 1051 5231 et
1076 5161 1299 5254 oppugnavit
1351 5160 1495 5252 eripuit.

307 5259 558 5354 Hydruntem,
598 5285 639 5332 ac
664 5275 803 5333 tantum
827 5265 976 5336 terroris
995 5261 1119 5334 ltaliae
1140 5264 1299 5348 incussit,
1452 5262 1552 5355 Quid
1568 5288 1665 5338 nunc
1678 5267 1889 5361 Selymum?
1914 5292 2037 5342 noune
2058 5269 2186 5340 videtis
2202 5269 2339 5338 domita

306 5363 434 5434 utiam
451 5365 639 5436 Romanus
654 5365 821 5436 Pontifex
837 5367 959 5458 fugam
979 5380 1142 5459 pararet;
1176 5367 1298 5437 omnia
1351 5366 1454 5460 Syria
1475 5380 1510 5437 et
1524 5368 1708 5463 Aegypto,
1733 5371 1940 5464 Hungariae
1955 5372 2189 5444 audacissime
2204 5371 2339 5442 bellum

305 5479 413 5538 erant
431 5467 470 5537 in
491 5465 593 5539 ltalia
615 5480 651 5538 et
668 5467 785 5538 Gallia
807 5469 983 5542 bellorum
1001 5472 1121 5563 plena.
1159 5467 1300 5542 Deinde
1351 5469 1509 5540 inferre?
1530 5497 1561 5548 ,a
1585 5498 1655 5567 qua
1670 5475 1740 5544 nisi
1756 5499 1837 5546 eum
1852 5475 2085 5568 depellimus,
2111 5499 2220 5570 quam
2235 5474 2340 5564 facile

305 5593 385 5642 non
400 5571 518 5642 solum
535 5571 736 5644 'furcarum
751 5572 863 5658 vires,
889 5576 951 5646 sed
972 5573 1087 5646 multo
1108 5574 1222 5666 magis
1235 5576 1301 5646 du-
1352 5613 1453 5624 -·-—·
1477 5613 1557 5622 ·—-

308 5671 606 5757 cia'felicitatem,
643 5675 829 5747 scientiam
849 5679 903 5747 rei
929 5677 1115 5762 militaris,
1150 5677 1301 5770 vigilan·
1383 5669 1547 5791 llvffifl
1571 5669 1614 5721 ⁸²⁰
1631 5661 1812 5724 rsete'rtatt.
1831 5670 1924 5736 Μ’
1951 5670 2044 5732 ¹⁶⁸¹w
2070 5671 2164 5730 ¹⁶²⁴·³
2193 5671 2244 5720 Π·
2263 5669 2340 5726 Μ·

309 5773 397 5846 darn
421 5790 457 5847 et
482 5778 721 5861 celeritatem,
755 5803 879 5852 omnes
901 5792 1023 5871 gentes
1046 5781 1302 5853 formidabant.
1358 5811 1418 5870 -sy
1434 5807 1622 5873 nnuma.
1641 5807 1718 5861 tm.
1735 5810 1824 5862 nus:
1847 5809 1959 5873 suecos
2059 5821 2063 5832 ·

353 5891 664 5961 marmorata
688 5894 773 5961 Vor..
795 5895 868 5960 xx
1730 5881 1781 5950 3⁰
