5534 6700
364 667 439 759 ιιι
945 638 1069 727 nult.
1104 652 1218 727 nnn.
1251 653 1454 727 scanno
1486 654 1823 729 PHILOLOGICA.
2328 661 2408 733 ιιι

492 838 575 895 Ηιιι
594 830 747 909 epistolam
769 835 903 907 quartam
927 829 1059 906 sequitur
1091 829 1206 906 quinta:
1242 826 1441 888 Melanthonis
1470 827 1507 886 ad
1529 828 1757 906 Egenolphnm‚
1791 847 1879 908 quam
1909 828 1939 889 h.
1962 831 1983 889 l.
2016 830 2192 903 omittimusc
2228 831 2304 892 hanc
2332 849 2407 894 vero

364 927 579 1000 subsequuntur
600 917 674 977 baec
695 911 841 992 praelatio
864 925 894 971 et
918 913 1092 973 admonitio:
2040 938 2043 943 .

1084 1028 1275 1092 Inacbc‘ssas
1297 1030 1510 1094 Camarina
1533 1026 1681 1091 Lectori.

488 1159 573 1216 Hune
594 1154 728 1214 libellam
751 1154 876 1230 primum
900 1153 1090 1228 compositum
1112 1151 1285 1230 aPlrilippo
1307 1151 1555 1226 Melanchthone,
1589 1149 1698 1210 deinde
1728 1151 1827 1210 multis
1849 1153 1879 1208 in
1904 1152 1973 1210 locis
1994 1163 2113 1211 auctum
2136 1165 2167 1211 et
2190 1159 2273 1232 qnasi
2295 1174 2405 1216 remn-

363 1253 512 1313 cinnatum
533 1262 551 1300 a
572 1238 674 1300 lacobo
698 1239 836 1314 Micyllo,
872 1238 1015 1316 optimum
1042 1238 1138 1296 risum
1166 1238 1222 1297 t‘nit
1249 1239 1338 1296 etiam
1365 1236 1447 1315 apud
1474 1255 1527 1294 nos
1558 1237 1682 1314 proponi
1710 1237 1788 1295 inter
1816 1254 1883 1312 eos,
1915 1235 1954 1294 de
1977 1236 2080 1315 quibus
2102 1237 2250 1298 ordinaria
2271 1241 2408 1303 doctrina

363 1333 575 1415 explicaretur:
611 1325 698 1393 Quod
719 1343 777 1381 non
801 1323 886 1381 modo
909 1323 1127 1382 Grammaticae
1150 1323 1198 1382 hic
1218 1323 1290 1380 artis
1313 1322 1479 1382 necessaria
1496 1334 1659 1400 praecepta
1681 1323 1946 1399 complecteretur,
1981 1321 2036 1382 sed
2065 1340 2101 1382 ea
2125 1324 2190 1401 ipsa
2210 1337 2350 1385 accurate
2373 1338 2406 1387 et

361 1419 476 1482 modice
497 1417 527 1473 in
548 1409 600 1471 illo
622 1410 772 1487 descripta
793 1421 903 1467 essent.
957 1408 1163 1468 lNDlCATIO
1190 1407 1335 1486 quaedam
1357 1407 1454 1467 adhuc
1474 1405 1583 1489 deesse
1604 1407 1758 1466 ridebatur
1791 1425 1857 1465 cum
1879 1424 1981 1466 eorum
2002 1407 2151 1481 locorum,
2186 1412 2326 1488 quaeda
2350 1430 2407 1471 an·

333 1510 338 1520 '
363 1505 476 1568 toribus
509 1501 630 1576 linguae
651 1495 774 1554 Latinae
804 1495 1010 1572 exemplorum
1041 1512 1128 1553 causa
1159 1493 1287 1552 adducta
1315 1506 1432 1570 essent,
1467 1503 1529 1550 tum
1557 1491 1681 1551 aliorum
1713 1492 1913 1571 quorundam,
1948 1493 1999 1570 qui
2027 1493 2170 1553 nonnulla
2197 1497 2407 1558 tractavissent

362 1588 530 1661 verbosius,
559 1602 617 1640 non
639 1580 725 1637 modo
749 1580 795 1637 hic
817 1581 874 1637 iam
897 1589 928 1636 ut
951 1578 1117 1656 discipulis,
1146 1578 1200 1637 sed
1222 1577 1366 1655 Magistris
1387 1580 1476 1637 etiarn
1500 1577 1578 1635 utilis
1599 1594 1666 1635 esse
1687 1586 1804 1655 posset,
1838 1580 1942 1656 quibus
1964 1594 2017 1654 ea,
2054 1595 2131 1657 quae
2158 1581 2224 1639 aliis
2253 1582 2406 1643 tradenda

362 1685 448 1750 sunt,
481 1672 594 1730 notiora
615 1666 727 1724 scilicet
749 1683 815 1723 esse
837 1673 964 1743 oportet.
1020 1659 1054 1720 ln
1076 1683 1163 1742 quam
1187 1680 1249 1721 rem
1272 1665 1330 1723 duo
1354 1680 1452 1740 nuper
1473 1661 1677 1721 adolescentes
1698 1662 1778 1723 docti
1799 1674 1831 1722 et
1852 1680 1993 1743 perquam
2015 1663 2157 1739 studiosi,
2192 1666 2328 1745 Magistri
2348 1669 2405 1728 bo-

361 1777 468 1823 narum
489 1756 612 1828 artium,
646 1749 800 1827 Philippus
821 1749 947 1807 Bechius
976 1760 1007 1806 et
1029 1745 1109 1807 loan.
1131 1749 1263 1826 Baptista
1284 1748 1465 1827 Schengins,
1499 1749 1551 1824 qni
1579 1748 1609 1804 in
1638 1759 1738 1807 nostra
1757 1746 1916 1808 Academia
1937 1749 2165 1809 Grammaticam
2186 1751 2325 1811 Latinam
2346 1772 2407 1830 pu·

362 1847 441 1913 blice
463 1840 693 1922 profiterentur,
714 1852 778 1892 eam
802 1852 923 1913 operam
945 1833 1110 1912 dederunt,
1137 1852 1214 1910 quae
1235 1853 1254 1892 a
1275 1851 1323 1892 me
1345 1832 1511 1912 praedicari
1532 1845 1583 1892 aut
1605 1832 1806 1893 commendari
1836 1853 1893 1893 non
1920 1833 2026 1911 debet,
2061 1838 2238 1912 praesertim
2268 1839 2405 1916 exposita

363 1923 656 2008 {recognoscendum
678 1921 829 1997 omnibus,
850 1930 898 1996 nt,
921 1919 1164 1996 quemadmodum
1187 1920 1247 1978 dici
1268 1921 1362 1994 solet,
1383 1908 1466 1978 oiri
1487 1909 1527 1976 τὸ
1549 1910 1647 1999 ἔργον
1668 1919 1813 1979 artificem
1836 1918 2101 1980 demonstraturum
2122 1924 2171 1983 sit.
2213 1922 2278 1981 Etsi
2298 1933 2404 1984 autem

363 2015 526 2094 Schengias
547 2008 658 2067 infinita
680 2005 806 2083 quadam
829 2004 983 2084 diligentia
1005 2005 1147 2063 nonnulla
1169 2005 1255 2062 nimis
1278 2005 1424 2063 subtiliter
1446 2012 1591 2063 scrutatus
1613 2021 1681 2061 esse
1708 2003 1804 2063 rideri
1834 2013 1966 2081 poterat,
2004 2014 2034 2063 et
2063 2022 2100 2063 ea
2128 2007 2279 2067 interdum
2305 2026 2403 2068 anno·

363 2114 461 2170 naa,
488 2112 564 2177 quse
588 2101 688 2150 essent
709 2091 740 2146 in
761 2090 873 2148 medio:
900 2089 1015 2148 Tamen
1038 2092 1067 2147 in
1088 2088 1134 2147 his
1156 2092 1272 2169 paucis,
1299 2088 1482 2168 quorundam
1504 2088 1591 2146 etism
1617 2090 1666 2147 rel
1696 2090 1932 2166 occupationibus
1959 2091 2072 2149 serrire
2101 2092 2150 2151 rel
2181 2093 2311 2152 laborem
2338 2093 2402 2152 mi·

362 2203 475 2261 nuere,
503 2181 551 2240 rel
574 2178 680 2253 etiem,
702 2173 873 2252 (dicendum
895 2172 1067 2254 enimt·est,)
1088 2175 1213 2234 inertiae
1234 2174 1391 2233 subvenire
1413 2175 1515 2233 voluit.
1565 2174 1691 2233 Caetera
1712 2187 1802 2234 erunt
1823 2175 1982 2252 eiusmodi,
2012 2189 2045 2236 at
2067 2177 2198 2236 omnibns
2221 2176 2342 2238 eruditis
2363 2188 2400 2238 et

363 2272 446 2335 bonis
467 2265 585 2348 probari
606 2277 729 2321 necesse
751 2260 800 2319 sit.
843 2260 918 2319 Nam
942 2272 972 2317 et
994 2259 1090 2316 omnia
1112 2278 1165 2318 nos
1186 2260 1427 2337 recognovimus,
1455 2270 1487 2325 et
1509 2260 1539 2316 in
1562 2259 1733 2337 quibusdam
1756 2261 1847 2319 etism
1868 2260 2051 2321 adhibuimus
2073 2274 2203 2346 nostram
2224 2263 2401 2339 Censorem,

362 2359 414 2441 qni
434 2367 516 2414 certe
539 2352 564 2409 si
585 2348 657 2426 quid
678 2349 707 2403 in
730 2345 783 2403 ista
806 2355 892 2422 parte
918 2345 999 2402 nobis
1023 2345 1122 2402 iudicii
1149 2356 1181 2403 et
1207 2345 1346 2404 scientiae
1373 2344 1583 2421 vendicamus,
1618 2345 1650 2403 id
1679 2365 1738 2405 non
1768 2346 1874 2406 iniuria
1902 2346 2040 2424 iacimus,
2075 2365 2139 2406 cum
2162 2350 2193 2406 in
2222 2347 2267 2405 his
2295 2348 2401 2407 studiis

362 2459 479 2504 ornnem
501 2437 567 2494 lere
588 2435 716 2509 priorem
738 2440 866 2489 aetatem
889 2431 1148 2509 consumserirnus,
1170 2441 1202 2488 et
1223 2430 1327 2489 eadem
1349 2431 1407 2488 iam
1428 2429 1654 2508 ingravescente
1676 2431 1809 2489 adhaec
1831 2433 1913 2491 initia
1935 2428 2087 2492 doctiinae
2108 2434 2280 2512 saepissime
2302 2434 2403 2510 respi-

363 2529 483 2589 ciamus.
526 2520 601 2578 Cum
622 2526 720 2575 autem
743 2514 961 2593 Typographus
982 2525 1082 2572 noster
1104 2514 1280 2574 Valentinus
1293 2516 1374 2593 Papa
1396 2516 1471 2574 hanc
1492 2525 1644 2574 recentem
1666 2516 1827 2575 editionem
1845 2517 2045 2577 adornandam
2067 2527 2099 2576 et
2120 2518 2344 2596 exprimendam
2368 2519 2402 2576 in

363 2611 481 2672 oliicina
502 2623 554 2665 sna
576 2603 756 2680 recepisset,
787 2599 865 2658 huuc
887 2599 1016 2657 laborem
1039 2611 1205 2657 nostrorum
1227 2611 1257 2659 et
1279 2619 1375 2660 meam
1400 2617 1517 2680 quoque
1539 2600 1760 2679 industriolam,
1796 2620 1931 2663 maressa
1952 2605 1982 2661 in
2011 2603 2066 2661 hoc
2092 2620 2204 2678 genere
2225 2603 2404 2662 Pririle·

366 2698 426 2778 gio
448 2693 548 2766 nobis,
579 2688 692 2745 munire
715 2685 811 2763 volni,
838 2701 877 2741 nc
899 2686 996 2743 statim
1024 2683 1108 2742 huius
1131 2683 1267 2744 difficiles
1289 2698 1436 2761 conatus,¹
1453 2686 1504 2743 alii
1529 2682 1617 2744 iacile
1638 2688 1814 2765 arripientes
1835 2688 1887 2747 sibi
1911 2697 2096 2764 usurparent.

425 2854 429 2869 ,
490 2791 584 2870 ldque
607 2787 911 2871 etiampermittente
932 2787 1043 2845 Autore
1063 2786 1198 2848 fecimus.
1238 2787 1303 2846 Erit
1323 2788 1414 2866 igitur
1435 2789 1492 2847 iam
1514 2787 1655 2866 deinceps
1677 2790 1724 2849 hic
1748 2791 1864 2850 libellus
1885 2791 2034 2866 omnibns,
2057 2789 2158 2848 utdici
2178 2789 2270 2863 solet,
2292 2806 2405 2847 nnme-

364 2886 405 2943 ris
425 2880 591 2951 absolutus,
613 2885 644 2932 et
665 2874 706 2947 is,
727 2871 773 2928 cui
795 2888 894 2948 neque
915 2870 1022 2930 deesse
1047 2872 1157 2950 aliquid
1180 2890 1359 2951 magnopere
1380 2873 1568 2932 annotatione
1591 2872 1728 2953 dignum,
1755 2893 1855 2953 neque
1875 2875 2019 2934 accedere
2040 2875 2167 2951 amplius
2186 2889 2274 2952 posse
2295 2872 2405 2933 ridea-

364 2980 432 3042 ιιι,
467 2975 500 3021 ιι
522 2978 600 3019 nunc
621 2959 779 3015 consistere
801 2954 857 3011 hoc
878 2955 938 3013 fine
960 2955 1152 3032 per-iectionis
1172 2975 1243 3016 suae
1264 2957 1389 3034 debeat,
1424 2977 1463 3017 ne
1484 2971 1632 3036 perpetua
1652 2963 1813 3020 mutatione
1841 2972 1999 3020 renovetur
2006 3000 2018 3031 ,
2053 2971 2085 3020 et
2113 2962 2149 3019 sit
2179 2959 2262 3036 quasi
2291 2952 2403 3029 πύλος

367 3045 437 3133 πρὸ
459 3040 602 3117 wirto,
633 3035 886 3116 reclinarent»
907 3024 996 3099 αὖθι
1018 3039 1074 3101 καὶ
1095 3032 1210 3111 ἄλλος.
1251 3041 1312 3102 Sed
1334 3042 1373 3101 de
1395 3043 1440 3101 his
1461 3044 1542 3105 satis.

494 3145 610 3207 Nostris
632 3141 748 3201 confido
770 3159 788 3199 a
810 3141 964 3218 plurimis,
999 3144 1050 3220 qni
1077 3143 1134 3202 hoe
1161 3144 1262 3203 libello
1291 3144 1334 3202 ati
1361 3145 1525 3223 voluerint,
1560 3145 1683 3222 gratiam
1704 3144 1835 3205 habitum
1855 3147 1908 3220 iri,
1942 3158 1973 3204 et
1996 3148 2171 3229 meoqetiam
2195 3145 2281 3204 simul
2302 3144 2401 3204 studio

363 3251 520 3298 securae.
576 3228 723 3288 Christum
746 3223 883 3306 σωτῆρα
904 3247 976 3301 oro,
1009 3241 1041 3287 ut
1063 3230 1180 3306 pietatis
1202 3240 1232 3288 et
1254 3232 1395 3289 bonarum
1422 3231 1530 3289 artium
1560 3240 1661 3288 coetus
1689 3232 1768 3289 inter
1794 3231 1847 3290 hos
1869 3231 1973 3290 blandi
2002 3233 2097 3289 varios
2124 3231 2242 3289 furores
2270 3231 2400 3307 benigne

364 3323 441 3384 tneri
465 3318 554 3392 velit,
582 3312 623 3376 ad
644 3313 775 3373 ueritatis
796 3322 936 3373 aeternae
957 3313 1182 3374 illustrationem
1212 3326 1243 3373 et
1271 3315 1395 3394 gloriam
1423 3316 1596 3375 sanctissimi
1625 3317 1750 3376 nominis
1777 3317 1840 3393 soi,
1875 3329 1905 3377 et
1926 3317 2078 3376 Ecclesiae
2105 3334 2177 3376 suae
2205 3318 2400 3377 incrementa.

212 3413 236 3435 ·'
365 3410 483 3488 Lipsiae
504 3402 585 3461 Xlll.
607 3397 730 3460 Calend.
753 3396 900 3457 Octobris.
945 3402 1028 3457 Anno
1050 3399 1159 3458 Christi
1180 3400 1269 3460 lhesn
1291 3402 1333 3461 at.
1347 3402 1385 3461 D.
1397 3402 1433 3460 L.

1326 3533 1429 3597 Idem.

489 3645 567 3714 Quia
587 3642 749 3709 arbitrabar
770 3657 842 3717 prae
863 3639 945 3714 aliis,
978 3638 1056 3698 hanc
1078 3639 1211 3698 libellum
1233 3652 1313 3699 recte
1334 3653 1366 3699 et
1388 3642 1501 3700 utiliter
1523 3640 1700 3720 discentibus
1719 3640 1840 3700 Latinas
1863 3640 1965 3704 literas
1987 3642 2111 3718 proponi
2135 3659 2240 3718 posse,
2274 3640 2344 3701 ldeo
2368 3654 2401 3702 et

362 3745 447 3796 antor
468 3751 504 3790 ac
525 3730 639 3787 adiutor
659 3725 704 3785 lui
724 3725 922 3788 adornationis
943 3734 975 3782 et
995 3725 1201 3785 elaborationis
1222 3725 1323 3802 huius,
1351 3738 1383 3784 et
1405 3727 1481 3784 hanc
1501 3724 1658 3783 editionem
1681 3736 1714 3783 nt
1735 3738 1882 3801 nostram,
1902 3739 2043 3784 concesso
2065 3727 2149 3784 nobis
2170 3727 2314 3785 &esareo
2334 3726 2403 3786 Pri·

362 3819 472 3896 rilegio
493 3814 646 3874 defensam
668 3830 703 3868 ac
724 3820 817 3868 tutam
840 3826 905 3868 esse
929 3810 1075 3886 volumus,
1108 3828 1146 3869 ne
1168 3813 1233 3889 quis
1254 3831 1306 3870 sua
1327 3823 1434 3890 sponte
1455 3822 1557 3870 contra
1579 3807 1759 3870 voluntatem
1781 3822 1910 3870 nostram
1932 3810 2030 3869 denuo
2055 3812 2240 3888 exprimere,
2269 3822 2301 3870 et
2323 3810 2403 3871 lianc

363 3922 485 3984 operam
506 3897 691 3978 peculiarem
712 3906 876 3953 nostrornm
899 3913 933 3951 ac
955 3905 1102 3968 nostram,
1131 3916 1185 3973 pro
1207 3917 1259 3955 suo
1281 3897 1401 3955 arbitrio
1422 3913 1565 3973 usurpare
1586 3897 1680 3966 ausit,
1708 3907 1809 3955 contra
1829 3895 2004 3955 facientibus
2024 3897 2117 3955 multa
2138 3897 2302 3974 proposita,
2323 3914 2403 3975 quae

363 3993 395 4049 in
418 3988 578 4068 diplomate
599 3981 754 4040 indicatur.
797 3979 860 4037 Hoc
882 3979 1059 4039 monendum
1084 3998 1186 4039 omnes
1208 3981 1360 4058 duximus,
1387 3999 1427 4040 ne
1448 3978 1515 4059 quis
1535 3981 1615 4040 torte
1635 3980 1851 4046 detrimentum,
1867 3981 1921 4040 sibi
1942 3980 1998 4038 hac
2018 3982 2048 4038 in
2071 3995 2157 4059 parte
2178 3995 2358 4046 accerseret.

450 4123 532 4181 Hanc
552 4116 717 4176 Editionem
741 4114 902 4174 Camerarii
925 4115 1050 4192 primam
1072 4126 1192 4173 secutae
1213 4126 1281 4174 sunt
1303 4116 1376 4174 hae:

492 4235 720 4302 Grammaticis
742 4229 901 4313 Philippi
919 4228 1193 4295 Melaaclrtlronis
1215 4229 1364 4307 Latina,
1387 4227 1464 4293 Ian
1486 4232 1594 4293 denno
1615 4232 1793 4310 recognita
1813 4240 1847 4291 et
1873 4229 2046 4311 plerisque
2074 4235 2113 4293 irs
2139 4231 2220 4294 lacis
2249 4232 2408 4310 iocuple-

536 4332 630 4396 tota,
667 4329 700 4379 et
728 4322 878 4381 auctoris
907 4319 1081 4380 voluntate
1102 4318 1211 4395 edita,
1247 4314 1468 4380 Accesserant
1489 4330 1523 4380 et
1544 4322 1779 4380 annotationes
1802 4326 1972 4390 recentes,
2008 4316 2049 4377 de
2070 4321 2208 4379 oonsilio
2231 4315 2410 4381 locontur·

533 4404 723 4471 Camerarii
742 4403 841 4465 utiles
857 4402 1010 4483 futurae
1031 4412 1102 4462 toas
1119 4399 1306 4481 Magistris
1328 4422 1429 4484 qaam
1448 4400 1649 4486 Discipulis.
1693 4400 1780 4463 Itcsn
1798 4397 1982 4465 Daotatns
2005 4402 2045 4464 dc
2060 4400 2296 4485 ortograpbs'a
2318 4401 2408 4487 (sie),

536 4511 662 4553 recens.
710 4486 850 4567 Lipsiae
874 4492 912 4549 ia
941 4482 1092 4569 officina
1121 4485 1297 4551 Valentini
1316 4488 1446 4571 Papae.
1492 4486 1592 4552 Anna
1615 4484 1666 4550 Μ.
1680 4484 1724 4551 D.
1738 4486 1825 4550 LII.
1871 4486 1951 4550 Gaas
1971 4485 2163 4568 Priailegio
2192 4487 2405 4572 qainqcnacj.

535 4576 625 4659 ΜΨ,
647 4576 746 4654 plagg.
776 4576 834 4633 litt.
851 4590 891 4650 a,
920 4578 945 4633 A
970 4574 1008 4655 (A
1027 4572 1069 4654 ll,
1086 4576 1148 4652 pt,
1177 4575 1277 4636 asoti.
1300 4574 1498 4655 cont.)—Z,
1518 4578 1601 4636 a—l
1624 4578 1718 4654 sign,
1751 4572 1794 4635 12
1810 4575 1875 4636 loll.
1898 4597 1955 4635 non
1978 4596 2077 4648 nnm.,
2110 4572 2177 4637 523
2199 4598 2287 4656 pagg.
2311 4597 2406 4653 num„

535 4666 590 4740 ult.
612 4680 679 4742 pag.
703 4670 803 4737 vacat,
830 4659 861 4721 8.
891 4655 960 4743 (t'ol.
975 4678 999 4720 a
1013 4659 1135 4721 2⁸-h
1148 4658 1188 4721 ἱ·
1217 4662 1347 4722 Eaedem
1370 4665 1502 4743 quinque
1523 4662 1687 4740 Epistolae,
1715 4680 1733 4721 a
1755 4663 1859 4740 quibus
1879 4662 1976 4724 Editio
1997 4663 2135 4740 praeced.
2160 4682 2189 4724 a.
2205 4660 2300 4724 1⁵50.
2322 4663 2407 4721 ordi-

533 4761 597 4823 tur3
640 4747 693 4806 iol.
710 4743 886 4807 ahl—4⁵
914 4746 1078 4805 Camerarii
1107 4746 1251 4826 praelatio
1278 4748 1398 4827 Lipsiae
1420 4746 1465 4807 ld.
1485 4749 1579 4827 April.
1605 4754 1690 4809 Anno
1712 4748 1754 4806 Μ.
1769 4748 1807 4806 Ι).
1822 4747 1884 4809 Lll.
1913 4750 2039 4826 scripta,
2075 4749 2199 4828 eiusque
2228 4748 2408 4821 admonitio;

534 4854 604 4915 pag.
621 4828 771 4894 t-aas.
794 4832 993 4892 Grammatico
1015 4833 1066 4892 lat.
1089 4852 1155 4891 curn
1179 4836 1254 4893 notis
1276 4834 1399 4910 margin.
1406 4856 1416 4905 ς
1451 4853 1481 4911 p.
1495 4831 1689 4896 atta-tao.
1703 4832 1782 4893 med.
1811 4833 1858 4891 De
1880 4833 2005 4912 Syntaxi
2028 4852 2054 4892 c.
2076 4829 2151 4894 nott.
2173 4854 2284 4914 marg„
2312 4850 2410 4913 prae·

537 4922 624 4978 mima
644 4918 845 4995 praefatione3
884 4915 916 4996 p.
930 4914 1005 4977 465.
1021 4916 1246 4979 msa-tas.
1264 4918 1342 4977 med.
1365 4919 1413 4977 De
1433 4920 1566 4980 Periodis
1588 4940 1614 4977 c.
1636 4928 1710 4981 nott.
1732 4937 1841 4996 marg.;
1885 4938 1915 4997 p.
1928 4918 2005 4981 469.
2020 4931 2098 4979 extr.
2112 4952 2154 4965 —
2168 4917 2242 4983 471.
2254 4917 2334 4979 med.
2356 4919 2409 4978 De

532 5004 773 5065 Distinctionibus
796 5022 821 5061 c.
843 5014 918 5077 nott.
941 5020 1051 5079 marg.;
1096 5022 1127 5080 p.
1143 5001 1218 5064 4⁷1.
1236 5000 1459 5067 exre—507.
1475 5006 1553 5065 med.
1582 5003 1720 5063 Prosodia
1742 5024 1766 5065 c.
1789 5015 1864 5064 nott.
1886 5021 1998 5082 marg.;
2039 5026 2068 5084 p.
2086 5001 2161 5066 507.
2177 5000 2408 5066 msa-ata

533 5089 580 5147 De
602 5086 838 5165 orthographia,
868 5090 897 5145 in
921 5088 1002 5146 cuius
1024 5087 1085 5145 fine
1109 5086 1207 5147 addita
1229 5099 1297 5147 sunt
1318 5088 1446 5152 haeccer
1483 5084 1676 5151 Ioaobirnas
1697 5085 1912 5154 Camarina
1934 5084 2126 5170 Pnbsperg.
2155 5092 2325 5170 perscrip.
2349 5083 2407 5151 Id.

535 5166 669 5251 Martij
690 5167 788 5232 Anno
809 5168 937 5235 Christi
956 5168 1004 5232 M.
1020 5168 1184 5246 D.1.11.;
1218 5176 1272 5234 ult.
1294 5193 1363 5254 pag.
1386 5175 1538 5264 racat)*).
2251 5185 2255 5192 '

336 5327 338 5330 ·
452 5295 610 5356 Camerarii
634 5291 780 5371 praelatio
803 5292 887 5352 bolus
909 5293 1052 5354 Editionis
1074 5313 1092 5352 a
1114 5296 1297 5373 praefatione
1319 5296 1524 5374 praecedentis
1548 5316 1575 5357 a.
1592 5294 1684 5358 1550.
1708 5314 1744 5355 eo
1766 5307 1880 5355 tantum
1907 5295 2025 5373 differt,
2061 5297 2139 5373 quod
2168 5296 2268 5355 serbis
2294 5311 2412 5368 „sse-

365 5383 503 5464 pistisre
524 5375 784 5458 respiciantur.”
805 5390 836 5438 et
856 5374 966 5456 „Cant
988 5388 1102 5457 natent
1127 5376 1379 5463 Typagraplsns
1398 5380 1538 5443 aostcr”
1559 5384 1716 5442 interserta
1743 5392 1812 5441 sunt
1832 5382 1958 5443 haecce:
1994 5381 2109 5441 Deesse
2131 5381 2229 5440 adhuc
2249 5380 2412 5444 ridebatur

367 5469 500 5529 doctrina
521 5466 765 5545 orthogrsptrise.
811 5464 893 5523 Hanc
915 5466 1003 5543 igitur
1025 5478 1057 5526 et
1078 5469 1172 5545 ipsam
1194 5468 1411 5546 adiungendam
1438 5468 1591 5540 duximus,
1625 5468 1756 5527 breviter
1783 5484 1817 5526 re
1847 5468 1975 5528 indicata
2001 5470 2099 5546 potius
2127 5485 2214 5544 quam
2243 5466 2412 5545 explicata.

365 5557 410 5615 lta
435 5566 552 5629 tamen,
574 5564 605 5611 ut
628 5553 704 5631 quod
727 5552 764 5609 ad
787 5552 931 5609 rationem
954 5552 1113 5613 emendate
1137 5563 1168 5611 et
1190 5565 1271 5613 recte
1293 5553 1439 5613 scribendi
1459 5554 1625 5631 pertineat,
1652 5553 1682 5610 id
1704 5572 1722 5611 a
1743 5571 1791 5613 me
1816 5542 1861 5622 ait
1883 5547 1921 5613 dn
1939 5550 2055 5635 sinn,
2091 5565 2123 5612 et
2144 5553 2329 5631 generaliter
2351 5551 2413 5612 de-

365 5650 557 5700 monstratum
579 5640 747 5696 universum
771 5655 835 5696 esse
858 5638 1012 5697 confidam.
1021 5636 1040 5666 '’

326 5858 328 5861 ι
399 5890 433 5950 *l
451 5893 526 5947 llaec
545 5894 596 5950 tta.
615 5907 650 5946 ex
666 5893 792 5947 airrtstn.
811 5896 900 5946 senat.
920 5892 1045 5946 Norlmb.
1064 5894 1093 5942 st
1111 5890 1190 5957 regis
1207 5892 1360 5960 Drssdcnst
1375 5892 1442 5966 mibi
1459 5892 1495 5945 sd
1512 5903 1611 5964 rastros
1624 5893 1682 5980 pqr.
1764 5945 1775 5972 ἱ,
1798 5953 1802 5964 ¹
1856 5953 1882 5988 ·.·
