5534 6700
460 565 536 641 459
1079 561 1202 634 PlllL.
1230 560 1344 634 MEL.
1372 561 1576 635 SCRIPTA
1601 559 1868 633 HlS'l'ORICA.
2277 584 2280 589 ’
2418 568 2498 643 460

453 739 526 808 iam
550 732 737 807 consilium
766 738 810 803 de
836 758 879 802 eo
902 734 997 802 bello
1021 739 1202 805 movendo
1226 735 1444 805 adsalutem
1487 734 1688 821 ⁸crementis
1728 733 1855 825 exiguo
1896 737 2090 804 admodum
2133 747 2296 824 tempore
2327 741 2497 828 potentia

453 842 564 911 totius
597 840 694 908 orbis
728 833 923 905 Christiani
958 839 1180 927 pertinebat,
1220 838 1446 907 existimabat
1497 837 1700 908 Turcarum
1726 851 1827 906 aucta
1847 849 1956 918 esset,
1982 849 2149 905 nontam
2167 837 2300 908 virtute
2317 843 2495 931 ipsorum,

453 943 586 1014 Caesar
607 954 683 1010 tum
708 941 852 1008 demum
880 964 920 1008 ea
944 941 988 1008 de
1008 965 1047 1009 re
1065 963 1138 1012 esse
1155 941 1381 1009 referendum
1399 943 1460 1009 ad.
1497 964 1605 1033 quam
1631 935 1918 1010 Christianorum
1943 939 2083 1029 Regum
2104 963 2167 1009 seu
2188 942 2403 1033 negligentia
2427 972 2496 1018 seu

452 1045 658 1135 Principes,
696 1066 776 1110 cum
813 1043 1015 1112 advenisset
1042 1042 1196 1134 Legatos
1224 1043 1445 1126 Pontificius,
1496 1043 1675 1113 intestinis
1692 1041 1898 1113 discordiis:
1928 1043 2058 1111 adiecit
2073 1066 2111 1112 se
2127 1066 2174 1110 eo*
2187 1043 2254 1114 ista
2271 1048 2368 1135 apud
2382 1047 2494 1121 ⁴Prin·

453 1161 494 1219 ut
516 1146 629 1236 magis
651 1144 802 1236 intelligi
824 1157 963 1236 posset,
998 1142 1090 1215 hanc
1109 1159 1245 1215 tantam
1270 1170 1345 1215 rem
1369 1159 1445 1214 n'on
1497 1146 1592 1236 cipes
1608 1142 1754 1235 Imperii
1769 1147 1884 1238 queri
1910 1147 1994 1237 quia
2015 1140 2097 1214 huic
2115 1145 2256 1214 nationi
2273 1147 2496 1222 Germaniae

452 1251 595 1342 privato
627 1248 685 1337 agi
709 1246 879 1330 consilio,
909 1251 971 1317 sed
994 1272 1036 1316 ex
1059 1250 1176 1318 officio
1202 1247 1446 1339 imperatoris,
1496 1248 1688 1339 praecipue
1712 1249 1899 1317 commissa
1925 1260 2016 1317 esset
2039 1248 2199 1317 defensio
2216 1245 2414 1321 Christiani
2435 1278 2495 1323 or·

452 1366 488 1422 et
506 1352 689 1441 flagitante
711 1349 1061 1434 summoPontilice,
1088 1352 1235 1420 nomine
1257 1353 1445 1421 universae
1496 1351 1571 1432 bis,
1597 1374 1662 1418 nec
1687 1350 1796 1419 alium
1822 1348 1959 1418 Ducem
1985 1351 2074 1419 tanti
2097 1350 2220 1419 belli
2209 1376 2288 1422 rure
2310 1357 2493 1493 designari

451 1450 629 1544 Ecclesiae
652 1449 897 1534 Christianae,
930 1456 1028 1546 quod
1061 1478 1127 1544 pro
1153 1455 1321 1524 universo
1345 1455 1445 1536 orbe,
1497 1477 1619 1544 posse,
1644 1449 1998 1542 nisilmperatorem.

451 1554 580 1627 velut
569 1580 608 1624 ιιι
628 1556 782 1626 statione
808 1580 881 1626 esse
902 1581 1063 1626 summus
1083 1558 1250 1627 Pontifex
1273 1571 1308 1626 et
1330 1553 1445 1648 lmpe·
1599 1555 1721 1646 Quare
1737 1551 1830 1622 hanc
1844 1555 2049 1634 nationem,
2074 1568 2116 1623 ut
2129 1557 2269 1625 excellit
2281 1583 2355 1628 non
2370 1561 2490 1631 solum

452 1673 553 1730 rator
580 1661 745 1729 debeant.
787 1661 921 1751 ‘Atque
953 1655 1046 1727 hanc
1079 1656 1288 1751 opinionem
1322 1660 1446 1749 profu-
1496 1657 1609 1747 gloria
1633 1657 1685 1724 rei
1709 1656 1896 1739 militaris,
1922 1660 1983 1727 sed
2008 1659 2117 1726 etiam
2138 1655 2493 1753 imperii-dignitate,

452 1777 571 1835 turam
614 1762 857 1830 arbitrabatur
899 1764 945 1830 ad
977 1765 1202 1832 accendenda
1237 1761 1352 1832 studia
1388 1785 1446 1831 ex·
1496 1759 1654 1850 primum
1678 1761 1806 1828 debere
1830 1783 1930 1829 arma
1956 1784 2104 1850 capere,
2140 1764 2317 1832 anteferre
2340 1766 2491 1856 privatis

435 1879 611 1953 ¹terarum
634 1864 824 1933 nationum
850 1887 892 1931 ac
912 1863 1074 1954 Regum,
1112 1890 1267 1959 quorum
1295 1866 1446 1932 aderant
1497 1861 1680 1931 affectibus
1702 1886 1930 1932 communem
1955 1864 2107 1932 salutem
2131 1862 2329 1948 Ecclesiae,
2363 1881 2399 1936 et
2422 1866 2492 1936 lm-

451 1967 579 2058 legati,
614 1981 649 2035 et
679 1969 725 2035 ad
755 1967 956 2036 voluntates
985 1966 1194 2059 Principum
1226 1967 1445 2037 Germaniae
1496 1965 1587 2055 perii
1610 1965 1835 2056 dignitatem.
1891 1966 1976 2034 Nec
1984 1966 2088 2037 nobis
2111 1966 2199 2034 alibi
2217 1966 2354 2038 Ducem
2378 1995 2492 2064 quae·

452 2069 671 2141 incitandas.
808 2100 812 2108 ·
1496 2071 1654 2137 rendum
1675 2090 1769 2150 esse,
1802 2091 1867 2136 nec
1892 2068 2075 2137 nationem
2105 2083 2285 2139 amantem
2312 2073 2493 2144 libertatis

555 2171 645 2242 Cum
670 2171 778 2261 igitur
800 2146 944 2239 tandem
963 2195 1085 2242 mense
1103 2177 1264 2263 Augusto
1283 2171 1446 2241 advenis·
1497 2170 1597 2260 cogi,
1631 2183 1671 2238 ut
1690 2171 1845 2240 externis
1867 2169 2029 2288 imperiis
2051 2185 2189 2261 pareat.
2253 2171 2393 2244 Habere
2420 2199 2489 2249 nos

451 2288 505 2348 set
518 2276 666 2365 legatus
692 2298 822 2363 egressi
812 2274 981 2343 obviam
1000 2276 1132 2345 Caesar
1149 2288 1185 2344 et
1199 2299 1325 2345 omnes
1340 2274 1446 2343 Prin·
1498 2272 1807 2359 Maximilianum,
1833 2273 1897 2365 qui
1922 2274 2131 2364 prudentia,
2163 2274 2314 2359 virtute,
2340 2276 2490 2347 scientia

410 2402 415 2413 ’
452 2401 548 2471 cipes
561 2376 793 2459 Germaniae,
818 2389 900 2445 ante
916 2390 1038 2468 portas
1052 2379 1151 2448 urbis
1164 2377 1346 2468 augustae
1362 2401 1444 2446 eum
1497 2376 1550 2445 rei
1584 2375 1770 2457 militaris,
1803 2399 1877 2444 non
1912 2377 2031 2446 solum
2064 2390 2224 2447 caeteros
2256 2377 2391 2470 Reges,
2426 2382 2491 2451 ssd

452 2478 640 2570 magnifice
665 2492 890 2568 exceperunt.
941 2479 1028 2550 Post
1053 2480 1129 2550 dies
1155 2481 1295 2574 aliquot
1313 2478 1446 2550 Caesar
1497 2478 1605 2547 etiarn
1626 2477 1842 2548 clarissimos
1861 2502 1903 2549 ac
1924 2479 2159 2570 peritissimos
2185 2482 2347 2552 omnium
2370 2485 2490 2551 natio·

453 2580 623 2654 adhibitis
645 2580 873 2672 Principibus
895 2593 932 2649 et
955 2585 1117 2652 omnium
1141 2583 1280 2673 Regum
1315 2607 1357 2650 ac
1381 2605 1446 2650 na·
1496 2604 1583 2651 num
1607 2581 1811 2661 excelleret,
1841 2605 1908 2650 nec
1930 2581 2075 2652 destitui
2096 2606 2178 2651 erim
2193 2583 2360 2652 felicitate
2375 2585 2492 2669 inre?

367 2676 369 2680 ⁸
452 2687 592 2756 ιιιιιιιιιιι
619 2685 764 2774 legatis,
797 2682 1016 2752 in‘maxima
1045 2685 1247 2779 frequentia
1280 2685 1445 2754 omnium
1496 2685 1563 2754 bus
1584 2685 1769 2773 gerendis,
1796 2696 1831 2752 et
1847 2683 1964 2754 Deum
1985 2684 2091 2755 rectis
2109 2696 2144 2753 et
2161 2685 2231 2775 piis
2247 2686 2424 2770 consiliis,
2446 2699 2489 2756 ¹et

452 2789 634 2869 ordinum,
661 2809 741 2854 eum
758 2786 896 2854 audivit
911 2802 1148 2878 exponentem
1164 2789 1333 2856 mandata
1348 2812 1445 2858 sum·
1496 2785 1674 2856 Ecclesiae
1692 2787 1785 2856 votis
1803 2786 1999 2857 affuturum
2016 2811 2102 2857 esse.

451 2916 503 2961 mr
492 2890 720 2972 Pontifices
747 2903 782 2958 et
803 2885 1007 2958 hortantem
1032 2891 1176 2981 publico
1200 2891 1347 2959 nomine
1365 2889 1445 2959 uni·
1598 2888 1696 2957 Haec
1723 2888 1946 2960 oratiorum
1973 2890 2102 2960 iustam
2127 2901 2164 2957 et
2189 2912 2334 2980 gravem
2359 2913 2490 2983 quere·

451 3017 574 3064 versae
593 2990 772 3062 Ecclesiae
790 2988 935 3073 Christi,
963 2994 1154 3082 praecipue
1173 2991 1445 3084 imperatorem,
1496 2992 1568 3058 lam
1591 2985 1790 3073 habuisset,
1824 3003 1861 3060 et
1883 3016 1966 3061 vere
1989 3005 2323 3074 commemorasset,
2350 3005 2489 3085 quanto

451 3097 582 3166 deinde
597 3094 796 3183 Principes,
821 3106 858 3161 et
871 3093 1011 3183 Regum
1028 3095 1177 3185 legatos,
1204 3108 1244 3163 ιιι
1259 3093 1445 3164 communi
1496 3093 1535 3161 io
1552 3093 1713 3183 periculo
1737 3105 1829 3164 esset
1850 3094 2017 3166 universa
2033 3094 2213 3177 Ecclesia,
2239 3118 2350 3188 quam
2374 3094 2491 3185 pium,

452 3196 724 3289 consilioatque
742 3196 1066 3266 animobellum
1031 3222 1130 3288 prum
1147 3213 1183 3267 et
1201 3196 1444 3268 necessarium
1497 3219 1605 3289 quam
1631 3196 1870 3267 necessarium
1896 3211 2006 3280 esset,
2033 3223 2158 3267 ornnes
2184 3199 2299 3267 bonos
2316 3222 2360 3266 ac
2377 3198 2490 3268 fortes

452 3301 525 3371 iam
548 3300 693 3370 tandem
711 3298 949 3391 susciperent:
977 3312 1017 3369 ιιι
1033 3300 1236 3370 Graeciam
1231 3313 1351 3395 atque
1365 3299 1445 3372 ιιιι
1497 3298 1594 3371 viros
1623 3300 1668 3368 ad
1696 3294 1765 3369 hoc
1792 3299 1991 3392 periculum
2014 3302 2264 3420 depellendum
2290 3308 2491 3390 accurrere,

451 3421 511 3473 am
547 3427 589 3472 er
620 3402 824 3494 turpissima
858 3415 893 3470 et
914 3404 1116 3473 miserrima
1137 3404 1307 3474 servitute
1330 3391 1446 3495 eripel
1496 3425 1571 3470 non
1593 3402 1710 3472 solum
1727 3427 1860 3474 summr
1849 3401 2079 3487 Pontificis,
2104 3403 2194 3475 sed
2182 3404 2295 3495 1psius
2309 3401 2489 3492 Ecclesiae

451 3520 548 3586 re;nt
581 3518 622 3575 ιιι
651 3502 771 3575 hostes
797 3519 996 3595 grassantes
1021 3505 1092 3575 iam
1118 3506 1155 3575 in
1177 3506 1304 3577 vicinis
1325 3508 1445 3597 regnis
1497 3500 1723 3575 Christianae
1755 3530 1827 3574 vox
1855 3529 1929 3576 esse
1959 3493 2196 3577 indicabatur.
2254 3504 2379 3601 ltaque
2405 3532 2490 3577 cum

451 3609 708 3702 reprimerent;
734 3622 775 3677 ut
793 3610 916 3677 orbem
935 3622 1112 3679 terrarum
1131 3609 1377 3680 crudelissimo
1393 3609 1445 3678 la·
1497 3605 1663 3677 Caesar
1652 3631 1691 3676 ιιι
1714 3608 1915 3699 praesentia
1930 3632 2042 3700 pauca
2060 3611 2205 3681 dixisset
2221 3613 2343 3680 desua
2360 3610 2489 3680 volun-

451 3712 627 3793 trocinio,
660 3726 695 3780 et
718 3711 888 3801 sacrilega
909 3724 946 3779 et
965 3714 1101 3781 nefaria
1121 3726 1236 3795 secta,
1260 3726 1445 3781 coutume-
1496 3722 1588 3790 tate,
1615 3722 1651 3778 et
1671 3710 1901 3793 ostendisset,
1935 3736 1971 3781 se
1993 3714 2145 3782 summis
2168 3714 2262 3782 votis
2286 3708 2381 3781 hunc
2401 3737 2489 3781 con·

451 3815 541 3884 liosa
562 3814 602 3881 in
618 3810 821 3894 Christum,
848 3814 1052 3883 liberarent.
1422 3857 1425 3862 -
1496 3836 1637 3881 sensum
1661 3813 1851 3883 nationum
1873 3837 2014 3906 semper
2037 3829 2178 3907 optasse
2205 3817 2251 3883 ad
2271 3815 2405 3885 bellum
2431 3816 2490 3883 in·

555 3916 720 3984 Addebat
740 3914 847 3984 etiam
873 3918 917 3982 de
934 3915 1067 3986 Leonis
1086 3918 1128 3987 X.
1152 3920 1355 4001 voluntate,
1383 3942 1444 3996 ne,-
1494 3917 1688 3985 ferendum
1705 3916 1853 3998 Tuscis,
1893 3929 1929 3985 et
1955 3908 2150 3989 adiecisset
2169 3919 2213 3986 de
2236 3918 2376 3987 ratione
2402 3918 2490 3986 belli

452 4042 522 4113 que
548 4042 634 4111 opes
659 4018 885 4099 Pontificias,
919 4042 1035 4112 neque
1061 4020 1248 4089 consilium
1272 4021 1349 4091 eius
1368 4021 1443 4112 plla
1495 4018 1643 4108 gerendi
1667 4042 1704 4088 se
1730 4043 1810 4088 cum
1836 4018 2066 4111 Principibus
2087 4021 2369 4090 deliberaturum
2394 4045 2489 4091 esse:

451 4122 491 4190 in
507 4143 547 4189 re
563 4118 646 4191 huic
663 4120 848 4191 communi
863 4146 990 4191 causae
1005 4123 1209 4191 defuturum
1228 4148 1314 4193 esse.
1366 4122 1445 4192 Hoc
1496 4120 1643 4189 mirifica
1659 4122 1949 4212 eratcxpectatio
1971 4122 2134 4198 omnium
2158 4123 2341 4194 ordinum.
2394 4123 2491 4210 Nam

452 4225 603 4295 consilio
625 4223 783 4293 Leonem
813 4223 918 4292 initio
938 4224 1172 4294 Pontificatus
1195 4226 1334 4296 dedisse
1359 4249 1444 4317 ope*
1495 4247 1576 4294 com
1599 4247 1724 4295 omnes
1739 4224 1926 4316 Principes
1947 4249 2010 4295 sua
2034 4239 2162 4317 sponte
2184 4225 2319 4317 optime
2335 4226 2492 4296 animati

451 4352 549 4411 ram,
581 4340 623 4397 ut
652 4352 720 4418 pax
747 4324 870 4395 ltaliae
891 4324 1157 4409 restitueretur,
1191 4353 1273 4398 cum
1297 4328 1443 4422 quidem
1495 4338 1613 4395 essent
1633 4349 1716 4417 erga
1741 4322 1835 4397 banc
1856 4350 2021 4411 causam,
2045 4332 2109 4399 sed
2128 4329 2290 4397 viderent
2305 4352 2490 4419 opus-esse

451 4430 617 4501 iustiores
641 4429 816 4499 bellorum
835 4433 1097 4500 movendorum
1113 4454 1236 4501 causas
1250 4426 1444 4515 habuisset,
1495 4430 1634 4497 adrem
1651 4442 1790 4498 tantam
1805 4430 2083 4522 suscipiendam,
2106 4431 2409 4523 peritissimorum
2424 4427 2494 4504 dc'·

452 4557 563 4628 quam
586 4533 749 4626 plerique
772 4544 895 4612 antea;
927 4536 990 4603 sed
1012 4533 1172 4625 privatas
1195 4533 1345 4603 iniurias
1360 4558 1442 4604 eum
1494 4530 1727 4615 liberatione,
1760 4534 1915 4603 maxime
1934 4534 2129 4627 cupiebant
2150 4536 2197 4603 ab
2219 4534 2299 4626 ipso
2321 4536 2492 4620 essere,

451 4640 673 4707 condonasse
703 4634 867 4726 publicae
895 4635 1116 4719 necessitati,
1153 4661 1305 4730 cumque
1330 4649 1446 4729 caeteg
1494 4647 1644 4726 propter
1666 4635 1762 4706 illius
1786 4637 2014 4707 excellentem
2038 4636 2288 4729 prudentiam,
2323 4650 2360 4708 et
2381 4661 2488 4710 usum
2538 4640 2545 4646 ’

451 4739 501 4809 ris
524 4739 682 4829 Regibus
704 4734 871 4807 hortator
892 4751 982 4809 esset
1005 4739 1122 4831 pacis,
1154 4740 1310 4810 voluisse
1333 4740 1442 4809 etiam
1494 4738 1535 4805 in
1555 4761 1595 4806 re
1617 4738 1787 4823 militari,
1819 4740 1996 4809 rationem
2014 4740 2169 4831 parandi
2183 4751 2220 4810 et
2234 4743 2383 4832 gerendi
2400 4741 2488 4810 belli

363 4892 366 4904 .
452 4844 614 4934 exemplo
641 4841 725 4934 ipsis
752 4841 892 4933 praeire
914 4854 950 4911 et
970 4841 1143 4925 invitare,
1169 4855 1210 4912 ut
1234 4842 1374 4914 omissis
1388 4843 1443 4913 in-
1494 4840 1663 4932 proponi.
1716 4840 1806 4911 Cum
1829 4840 1960 4913 Caesar
1983 4843 2033 4911 sic
2055 4843 2203 4915 affectos
2223 4868 2299 4915 esse
2322 4845 2490 4934 animad7

451 4945 589 5015 testinis
623 4945 725 5015 belbe
757 4947 796 5013 in
830 4969 1021 5016 commune
1047 4946 1302 5016 consulerent·
1344 4946 1443 5038 Opes
1494 4955 1669 5027 verteret,
1689 4945 2057 5017 venitinconsessum
2073 4946 2282 5038 Principum
2300 4962 2383 5039 post
2397 4970 2492 5039 pau-

450 5070 537 5116 vero
554 5047 761 5118 Pontificias
784 5072 961 5143 nusquam
975 5048 1102 5118 melius
1119 5048 1306 5131 collocari,
1332 5074 1442 5144 quam
1492 5070 1554 5117 eos
1569 5048 1662 5123 dies:
1689 5071 1842 5141 cumque
1856 5049 2087 5119 consalutatis
2103 5050 2155 5121 eis
2173 5049 2381 5135 assedisset,
2407 5073 2489 5121 coe-

451 5150 491 5218 in
513 5146 608 5220 bunc
632 5175 757 5233 usum,
782 5152 918 5221 nullam
941 5151 1135 5242 gratiorem
1153 5150 1231 5220 Deo
1249 5152 1441 5246 eleemosy·
1493 5149 1547 5242 pit
1564 5174 1743 5241 exponere
1759 5150 1907 5221 consilia
1923 5165 1958 5222 et
1971 5152 2192 5223 voluntatem
2209 5177 2312 5225 suam
2329 5153 2370 5222 in
2392 5149 2490 5224 hanc

450 5276 535 5322 nam
552 5277 656 5347 posse
673 5254 868 5346 praestari,
894 5279 1003 5347 quam
1024 5249 1137 5338 hanc,
1164 5279 1234 5348 qna
1250 5267 1304 5325 tot
1319 5268 1442 5346 gentes
1492 5252 1719 5326 sententiam.

450 5356 557 5428 simul
579 5356 786 5427 eservitute
801 5369 836 5425 et
853 5357 1038 5447 impietate
1056 5357 1301 5450 eriperentur,
1327 5372 1362 5429 et
1379 5381 1442 5427 ne·
1592 5354 1812 5451 Frequentia
1848 5369 1987 5440 vestra,
2024 5383 2118 5451 quae
2152 5371 2188 5429 et
2220 5355 2289 5429 hoc
2321 5370 2486 5451 tempore

450 5460 569 5529 faria
557 5460 725 5552 rmpietas
743 5460 934 5530 deleretur.
1179 5509 1186 5525 ,
1493 5458 1685 5551 praecipue
1702 5461 1900 5530 necessaria
1918 5473 1971 5530 est
1984 5460 2222 5553 reipublicae,
2247 5476 2283 5531 et
2299 5457 2388 5531 mibi
2402 5484 2486 5551 per·

555 5561 648 5634 Huic
676 5562 833 5632 orationi
858 5585 938 5631 cum
965 5584 1108 5654 gravem
1134 5539 1318 5656 querelam
1342 5561 1442 5631 addi·
1492 5574 1615 5652 grata,
1640 5585 1717 5631 non
1738 5564 1888 5633 obscure
1909 5562 2046 5634 indicat
2068 5566 2292 5635 voluntatem
2316 5575 2489 5648 vacuam,

451 5665 560 5737 disset
590 5667 634 5736 de
663 5689 786 5735 earum
810 5664 970 5758 gentium
1001 5666 1202 5749 aerumnis,
1243 5666 1288 5735 de
1318 5676 1444 5734 contu·
1492 5676 1529 5734 et
1543 5664 1662 5736 studia
1679 5689 1761 5757 erga
1778 5660 2051 5752 hanccausam,
2076 5681 2237 5761 propter·
2243 5692 2353 5763 quarn
2375 5669 2489 5737 domo

450 5769 567 5842 meliis
588 5770 792 5863 religionis,
818 5781 853 5839 et
868 5780 1203 5893 commemorasset,
1229 5767 1375 5862 quantis
1390 5767 1445 5837 in·
1493 5766 1597 5837 exciti
1620 5758 1714 5841 citis.
1772 5768 1864 5841 Cum
1889 5771 1986 5840 enim
2009 5784 2083 5841 tam
2106 5770 2234 5863 cupide
2256 5772 2493 5857 adveneritis,
