5534 6700
275 591 352 671 146

267 771 382 839 modo
412 766 522 834 multa
558 763 697 832 effutire
725 760 862 831 solitus.
930 755 1053 826 Vanus
1075 754 1170 824 enim
1197 764 1261 833 est,

270 872 335 966 qui
353 868 554 939 orationem
571 866 713 933 ratione
728 887 803 932 non
822 861 989 942 metitur,
1022 860 1086 952 qui
1109 856 1260 925 liberam

269 999 315 1043 ac
337 994 464 1062 vagam
487 970 647 1059 linguam
670 990 744 1034 nou
771 959 914 1032 cohibet
938 962 1083 1065 iudicio.
1151 956 1261 1025 Recte

269 1075 450 1146 Hesiodus
474 1069 591 1171 [Opp.
608 1083 641 1138 et
658 1068 703 1138 D.
720 1067 794 1137 719
808 1092 862 1158 sq.
874 1064 951 1134 Eu.
964 1057 1143 1157 Goettl.],
1170 1059 1261 1129 mul·

270 1192 346 1247 tarn
364 1201 438 1246 esse
454 1176 596 1266 linguae
613 1171 764 1263 gratiam
779 1170 944 1248 indicat,
978 1167 1009 1236 si
1031 1167 1139 1233 modo
1164 1157 1262 1230 cohi-

268 1282 416 1350 beatur:
855 1347 857 1350 ¹
905 1338 908 1345 ,

271 1393 450 1490 Γλώσσης
469 1418 528 1468 τοι
547 1388 742 1488 θησαυρὸς
756 1391 796 1464 ἐν
812 1381 1073 1481 ἀνθρώποισιν
1087 1383 1237 1478 ἄριστος

271 1498 488 1599 φειδωλῆς,ΙΙ
499 1493 651 1590 πλείστη
669 1490 710 1595 δὲ
728 1489 838 1589 χάρις
853 1486 949 1564 acroi
969 1485 1108 1582 με’τρον
1121 1481 1261 1578 ἰούσης.

374 1628 600 1728 ἀμετροεπὴς
621 1628 721 1698 cuius
743 1624 908 1717 generis?
935 1620 1156 1694 Communis.
1191 1617 1263 1685 De-

272 1738 364 1807 clina
389 1749 431 1804 ut
452 1727 597 1827 ἀληθής
618 1732 755 1822 primae
776 1740 1066 1808 contractorum,
1106 1736 1176 1815 qna
1200 1720 1263 1787 fle·

257 1851 417 1909 'ctuntur
434 1836 555 1904 omnia
572 1858 686 1926 paene
703 1832 877 1902 adiectiva
896 1831 935 1897 in
949 1855 992 1922 ης
1005 1825 1225 1896 derivaticia.

375 1966 571 2066 botpafly
595 1966 776 2048 Verbum,
803 1946 903 2034 cuius
923 1954 1121 2054 temporis?
1153 1957 1262 2026 Prae·

269 2072 415 2143 teritum
440 2070 690 2163 imperfectum
713 2080 766 2138 est
786 2064 971 2136 indicativi
994 2063 1113 2144 modi,
1138 2060 1262 2129 conin-

270 2177 426 2266 gationis
467 2176 644 2245 secundae
681 2183 977 2251 contractorum,
1024 2160 1181 2262 κολῳάοι
1222 2173 1262 2231 ut

267 2274 399 2370 βοάω,
424 2273 630 2368 ἐνολῴαον,
664 2286 699 2342 ει
724 2271 935 2342 contractim
957 2266 1148 2364 ἐκολῴιον.
1182 2264 1271 2336 lxo?

267 2379 409 2474 λῴαες,
431 2392 467 2446 ει
487 2376 696 2444 contractirn
714 2371 885 2468 ἴκολῴας.
922 2363 1099 2466 ἐκολῴαε,
1125 2381 1160 2438 ει
1177 2391 1261 2435 cou-

266 2480 416 2548 tractim
451 2470 604 2570 ἐκολῴα.
669 2475 858 2543 Caeterum
894 2475 1043 2541 verbum
1077 2469 1261 2560 ὀνοματο-

267 2577 381 2651 ποιδν
402 2592 465 2649 εει.

374 2712 452 2805 (Vs.
470 2711 577 2804 213.)
604 2702 704 2784 ineu.
758 2710 849 2781 Sunt
866 2711 929 2802 qui
944 2711 989 2778 ab
1010 2706 1167 2779 ἕπεσθαι
1190 2712 1262 2773 tra'-

268 2813 383 2899 hunt,
408 2828 449 2884 ut
463 2839 530 2883 nos
545 2837 749 2883 sermonem
766 2837 785 2880 a
804 2813 999 2904 sequendo.
1034 2808 1119 2889 ἔπος
1133 2806 1262 2876 declin.

268 2918 409 3010 primae
437 2928 724 2997 contractorum,
766 2926 807 2982 ut
829 2905 933 3006 χάος.
998 2909 1175 3007 Deinceps
1199 2907 1263 3000 qui

268 3022 369 3090 volet
388 3019 551 3088 oratione
577 3029 792 3139 exequatur,
826 3038 890 3084 cor
913 3011 1121 3107 ἀμετροεπῆ
1143 3018 1262 3100 ροειε,

269 3124 402 3193 deinde
415 3122 503 3195 ἔπεα
519 3118 669 3212 ἄκοσμα
692 3112 817 3191 τεκαὶ
837 3110 1009 3210 πολλὰ“)
1029 3110 1177 3223 disserit,
1204 3132 1262 3180 ex-

270 3226 394 3296 cutiat.
1074 3218 1095 3229 “’

375 3358 452 3453 (Vs.
467 3357 573 3450 214.)
599 3352 801 3453 ἐριζέμεναι
817 3355 887 3448 ¹pro
904 3340 1048 3456 ἐρίζειν.
1097 3347 1188 3418 Vide
1205 3373 1263 3419 su-

267 3487 336 3558 pra
362 3464 401 3532 in
422 3461 640 3532 formatione
664 3453 830 3526 infinitivi
854 3451 1017 3552 ηύτιτειν.
1073 3449 1150 3520 ¹llic
1175 3475 1261 3520 vero

267 3568 363 3638 belle
385 3578 491 3658 poeta
513 3563 700 3642 factiosum
725 3547 907 3654 designat,
932 3556 1046 3646 ¹bonis
1071 3555 1262 3638 infensum,

268 3696 352 3741 cnm
369 3655 602 3760 optimatibus
620 3659 905 3732 contendentem.
1002 3653 1005 3658 ’

372 3803 449 3895 (Vs.
467 3798 573 3897 215.)
601 3801 738 3872 εἴσαιτο
754 3794 873 3866 unde?
915 3793 1075 3870 Medium
1090 3790 1263 3884 praeteri-

268 3923 347 3979 tum
378 3907 540 3976 aoriston
571 3900 741 3994 optativi,
779 3910 819 3968 ut
845 3892 1053 3993 τυιμαίμην.
1120 3887 1261 3964 Thema

268 4009 527 4082 verbiei'ouno
541 4018 594 4077 est
608 4000 716 4088 εἴδω,
743 4005 838 4069 unde
855 4012 891 4069 et
904 3994 948 4070 τὸ
963 3995 1035 4092 ᾔδη
1052 4008 1116 4080 εει,
1143 3995 1179 4063 id
1197 4006 1262 4077 est,

267 4113 393 4195 novit,
427 4113 527 4205 quod
550 4131 657 4199 snpra
682 4103 829 4175 secundi
852 4102 1017 4171 versiculi
1039 4097 1261 4190 expositione

268 4214 460 4311 praeterii,
487 4238 573 4282 nam
590 4207 648 4280 hic
664 4221 800 4300 agetur.

510 4375 629 4445 Flecte
657 4378 794 4449 εἴσαιτο
817 4388 853 4445 ει
877 4370 950 4470 ᾔδη
964 4373 1024 4468 ⁰⁰).

269 4507 365 4584 εἴδω
462 4510 593 4588 τύπτω
695 4512 749 4580 Ex
790 4510 914 4608 activis
958 4511 1134 4604 quaedam
1175 4531 1260 4577 raro

267 4610 380 4686 εἶδον
463 4616 623 4689 ἔτυπτον
694 4626 933 4705 usurpantur,
953 4624 1260 4704 surroganturque

270 4712 357 4787 εῖκα
382 4728 422 4784 ut
464 4715 606 4815 τίτυφα
693 4718 744 4789 eis
760 4716 889 4786 media.

268 4819 361 4890 εἴσιο
465 4811 575 4915 reipsa

268 4914 352 4991 eleo
461 4918 595 5018 ἔτυμα.

306 5180 356 5238 67)
372 5177 490 5250 ικοιηία]
516 5180 577 5245 ste,
601 5196 622 5248 ρ
643 5194 704 5231 con
721 5198 731 5229 ι
747 5178 916 5244 subscripto,
946 5182 974 5228 et
998 5179 1067 5228 benc
1090 5179 1207 5229 tornare
1232 5182 1261 5232 et

340 5250 555 5370 ,⁸2¹5ssme
582 5250 669 5300 nutet.
695 5249 775 5299 butus
792 5251 911 5301 tirsum
931 5260 1026 5299 onnes
1042 5249 1142 5298 hebent
1159 5248 1261 5300 &sine

303 5420 354 5488 68)
372 5417 420 5470 sal
436 5419 544 5480 πολλοὶ]
563 5421 605 5471 ete
618 5421 700 5471 sorta
718 5420 799 5471 tutus
814 5422 934 5471 Grsnn.
952 5420 980 5469 tn
997 5422 1048 5471 hoe
1066 5418 1172 5482 quaten
1185 5421 1260 5470 Ιιι-

339 5491 425 5553 ιισε;
449 5494 479 5540 at
497 5492 525 5539 ιιι
545 5492 623 5540 textu
641 5503 683 5554 gr.
703 5491 859 5551 praemisso
877 5495 979 5552 (aeque
996 5500 1029 5540 eo
1047 5487 1076 5537 lu
1090 5490 1140 5541 ιιι.
1158 5489 1261 5554 Wott.)

338 5560 457 5624 legitur:
482 5554 572 5609 nollet
590 5572 620 5608 se

303 5660 353 5729 0)
371 5665 446 5713 tlsee
463 5666 551 5713 vertas
565 5663 593 5711 tn
608 5639 691 5712 ertit.
707 5661 794 5725 tm,
813 5662 888 5713 tbtt.
908 5660 1084 5725 subsequitur
1102 5660 1260 5726 toseetpttos

338 5733 492 5794 Aettve.;
511 5732 538 5781 to
559 5734 607 5783 ιιιι.
625 5732 697 5782 tote.
715 5731 783 5779 bees
800 5730 858 5780 rur·
876 5732 971 5782 verbis
988 5732 1179 5802 superscripta
1194 5737 1257 5799 eety

337 5801 367 5851 in
385 5802 471 5852 nette.
488 5800 562 5853 tm.
575 5813 636 5865 sqq.
659 5800 747 5849 deest.

277 5883 462 5948 marn.
485 5885 591 5947 darn
617 5883 701 5946 Vor..
717 5880 791 5944 xli

791 583 915 659 XClV.
950 578 1296 657 uuanuarlca
1329 577 1525 652 GRAECA
1556 575 1787 656 ln‘rEGRa.

2238 545 2312 664 alo

1741 751 1887 823 Media.

1314 867 1492 937 Praesens
1504 863 1654 960 εἴδομαι
1668 883 1709 938 ut
1723 865 1923 963 τύπτομαι.

1312 969 1555 1040 Praeteritum
1565 969 1862 1069 imperfectumw)
1871 966 2026 1068 εἰδόμην
2034 988 2074 1044 ιιι
2083 973 2307 1073 ἐτυπτόμην.

1392 1071 1633 1142 Praeteritum
1649 1076 1845 1164 perfectum
1861 1071 1956 1149 οἴδα.
1997 1076 2192 1147 Formatur
2209 1081 2306 1150 enim

1312 1198 1379 1265 per
1392 1174 1589 1264 praesentis
1605 1172 1865 1261 characterem,
1891 1179 1983 1248 sicut
1996 1202 2104 1270 snpra
2121 1179 2158 1247 in
2175 1183 2308 1272 regulis

1312 1276 1445 1346 vidisti.
1499 1274 1592 1343 Hinc
1603 1279 1644 1346 fit
1658 1275 1873 1370 diphthongi
1890 1293 2175 1373 temperamento
2191 1267 2279 1377 ᾔδα.
2298 1280 2302 1325 ;

1416 1376 1658 1449 Praeteritum
1694 1381 2083 1474 plusquamperfectum
2118 1381 2230 1456 εἴδειν
2244 1385 2306 1481 ⁷¹),

1313 1474 1350 1550 et
1371 1474 1589 1571 diphthongi
1612 1493 1896 1572 temperamento
1918 1482 2035 1577 ᾔδειν.
2087 1485 2197 1557 Vides
2219 1512 2305 1579 ergo

1314 1583 1455 1674 primae
1477 1582 1634 1674 syllabae
1663 1583 1921 1669 variationem,
1960 1588 2139 1677 posterior
2168 1590 2306 1681 syllaba

1313 1685 1473 1754 dialectis
1508 1684 1661 1755 variat·
1708 1684 1801 1756 Nam
1835 1711 1902 1777 pro
1936 1684 2125 1785 ἔτετύφειν
2148 1693 2306 1782 regulari

1313 1786 1509 1880 praeterito
1535 1786 1884 1880 plusquamperfecto
1908 1788 2034 1858 dicunt
2055 1789 2159 1861 lones
2184 1787 2306 1867 ε’τετύ-

1312 1915 1398 1986 φεα.
1458 1886 1515 1957 Sic
1547 1911 1631 1978 ergo
1660 1914 1727 1981 pro
1758 1887 1870 1965 εἴδειν
1897 1891 1954 1960 νει
1984 1888 2090 1986 ᾔδειν
2117 1905 2169 1963 εει
2201 1893 2333 1987 ᾔδεα.4
2367 1943 2370 1949 ,

1312 1991 1432 2063 Flecte
1451 1989 1502 2058 sic
1517 1984 1610 2082 ᾔδεα
1625 1988 1729 2084 ᾔδεες
1745 1988 1841 2086 ᾔδεε.
1880 1991 1934 2062 Ex
1947 1989 2015 2062 hac
2028 1995 2133 2064 tertia
2150 2019 2305 2086 persona

1311 2089 1397 2188 ᾔδεε
1410 2092 1450 2185 fit
1466 2090 1558 2161 crasi
1571 2087 1657 2187 ᾔδη.
1709 2093 1802 2165 Nam
1818 2095 1911 2186 ssju
1936 2122 1959 2190 η
1982 2097 2116 2167 mutari
2137 2097 2175 2165 iu
2198 2098 2306 2171 decli-

1312 2192 1521 2264 nationibus
1536 2194 1725 2265 nominum
1741 2209 2007 2268 contractorum
2026 2201 2165 2291 vidisti,
2191 2199 2306 2296 τείχει

1311 2293 1426 2391 τείχη.
1486 2296 1692 2371 Adnotabis'
1713 2310 1749 2368 et
1771 2299 1859 2383 hoc,
1894 2302 2186 2396 quandoquidem
2212 2331 2242 2378 ει
2265 2306 2317 2393 ἱιιἸ

1312 2422 1434 2493 ptum
1458 2398 1720 2490 subscriptione
1746 2403 1894 2486 transit,
1926 2405 2083 2494 primam
2108 2407 2209 2473 verbi
2229 2403 2305 2500 ᾔδη

1312 2499 1507 2581 subscribi,
1533 2503 1770 2589 posteriorem
1785 2528 1872 2575 non.
1932 2504 2026 2575 Nam
2044 2534 2078 2579 εε
2094 2531 2170 2576 non
2187 2518 2304 2578 muta·

1192 2596 1203 2659 .’
1313 2612 1373 2669 tur
1390 2599 1460 2669 nisi
1476 2599 1515 2667 in
1531 2600 1648 2670 solum
1662 2629 1700 2696 η.

1415 2699 1593 2770 Futurum
1619 2704 1776 2796 εἴσομαι.

1419 2803 1554 2873 Αοτίει.
1571 2827 1604 2873 a.
1624 2802 1795 2900 εἴσσίμην.
1861 2805 2014 2900 Reliqua
2039 2833 2082 2876 ea
2107 2805 2162 2878 bis
2184 2812 2302 2880 forma

1312 2901 1410 2977 κατὰ
1424 2899 1493 2998 τὴν
1506 2901 1736 3003 ἀναλογίαν,
1763 2920 1798 2976 ει
1815 2908 1853 2975 in
1868 2909 2021 3000 optativi
2038 2912 2172 2981 aoristo
2194 2906 2307 2982 habe·'

1312 3005 1367 3076 bis
1382 3001 1567 3098 εἴσαίμην.

1362 3186 1364 3191 ,
1414 3106 1513 3175 llaec
1529 3105 1593 3177 tibi
1607 3108 1709 3176 verbi
1726 3104 1832 3180 huius
1847 3113 2054 3204 coniugatio
2070 3114 2192 3185 multis
2208 3116 2311 3211 certe]¹

1115 3232 1117 3237 ·
1138 3220 1148 3263 .··
1160 3214 1182 3245 ε’
1206 3301 1211 3310 ἦ
1240 3206 1291 3316 -”Ι
1312 3211 1402 3282 locis
1418 3194 1591 3301 proderit.
1624 3196 1666 3279 ln
1683 3211 1802 3301 primo
1816 3211 1948 3285 Iliados
1965 3210 2038 3312 [vs.
2057 3213 2138 3314 70.]
2154 3219 2305 3289 verbum

1312 3309 1386 3410 ᾔδη
1402 3312 1581 3394 ἱανεηίεε,
1607 3322 1648 3380 ut
1661 3313 1853 3385 innumera
1873 3317 1941 3385 alia
1957 3318 2033 3387 loca
2048 3332 2286 3411 praeteream,
2314 3336 2319 3347 '

1302 3413 1371 3496 “oc
1386 3411 1459 3509 ᾔδη
1471 3411 1560 3486 coia‘
1578 3406 1700 3501 ἐόντα,
1717 3411 1766 3487 τοί
1781 3414 1810 3489 τ’
1829 3411 2024 3513 ἐσσόμενα,
2042 3416 2114 3517 πρό
2131 3421 2160 3493 τ’
2181 3416 2304 3501 ἐόντα.

1313 3516 1407 3586 Volo
1441 3519 1527 3585 item
1558 3528 1593 3583 te
1625 3519 1850 3588 admonitum
1886 3524 2089 3611 regularum
2123 3526 2306 3613 augmenti

1314 3620 1612 3711 praeteritorum,
1639 3641 1793 3709 quorum
1810 3616 1899 3693 εἴδιο
1916 3616 2120 3712 praeteritis
2146 3647 2221 3694 non
2243 3652 2305 3696 va·

1312 3722 1382 3790 riet
1398 3720 1610 3809 regulariter
1626 3714 1729 3791 εἶδον
1743 3717 1835 3796 sidu.

1418 3821 1496 3915 (Vs.
1510 3820 1614 3907 216.)
1641 3818 1797 3914 ἔμμεναι
1811 3822 1993 3911 lonicum,
2020 3828 2101 3900 vide
2119 3825 2227 3903 εἶναι.

1314 3926 1514 4018 αἴσχιστος.
1567 3919 1658 3991 Vide
1672 3926 1809 3997 formas
1826 3932 2137 4022 comparationum

1416 4019 1569 4122 αἰσχρός
1672 4024 1831 4121 αἰσχίων
1934 4031 2121 4124 αἴσχιστος

1417 4124 1555 4223 αἰσχρά
1672 4127 1831 4221 αἰσχίων
1932 4132 2104 4227 αἰσχίστη

1415 4222 1572 4326 αἴσχρόν
1676 4228 1847 4326 αἰσχίον,
1927 4235 2119 4327 αἴσχιστον

1311 4324 1406 4425 ἦλθε
1419 4333 1593 4404 Αοεῐειοιι
1609 4336 1804 4425 secundnm
1824 4335 1919 4407 vocis
1935 4338 2082 4409 activae.

1417 4427 1573 4518 saman,
1715 4431 1881 4528 ᾔλευθον

1414 4535 1553 4632 ᾔλευκα
1706 4532 1903 4632 ἠλεδκειν
2025 4541 2163 4637 ᾔλευσα

1311 4636 1479 4731 ἤλυθον,
1506 4633 1629 4736 ἦλθον
1643 4662 1708 4728 per
1722 4637 1926 4734 syncopen,
1954 4645 2048 4714 unde
2061 4638 2156 4739 ἦλθε
2175 4659 2238 4717 εει.

1416 4741 1493 4837 (Vs.
1513 4741 1619 4835 217.)
1650 4736 1711 4812 Tui
1728 4740 1820 4837 οἴμαι
1835 4740 1997 4830 humeri,
2023 4748 2143 4817 dualia
2159 4762 2254 4820 sunt.
2307 4831 2310 4838 ¹

1312 4840 1350 4915 oi
1361 4868 1565 4936 pronomen
1581 4844 1824 4934 reciprocum,
1852 4848 1897 4918 ei.

1417 4945 1617 5041 (vaera)
1645 4945 1926 5047 σσνοχηκότε”)
1948 4949 2178 5044 participium
2201 4977 2305 5048 prae·

1311 5048 1457 5119 teritum
1479 5052 1616 5120 activae
1633 5049 1767 5120 vocis-a
1785 5049 1966 5146 συνοχέω,
1994 5054 2074 5124 vide
2092 5058 2247 5129 formam
2265 5059 2306 5129 in

1312 5154 1530 5245 participiis,
1558 5167 1680 5248 estque
1698 5153 1815 5224 duale.

1311 5292 1514 5304 ...ἠ-...ῃ

1345 5352 1396 5420 10)
1413 5353 1596 5404 Praeteritum
1615 5353 1819 5416 imperfectum]
1843 5356 1886 5406 sto
1904 5356 1987 5407 utttt.
2010 5359 2101 5423 1522,
2128 5360 2218 5424 15ης
2254 5362 2316 5413 ιιι.Ξ

1383 5423 1461 5475 1538.
1478 5426 1631 5487 cynara:
1655 5422 1748 5473 Praet.
1767 5425 1936 5488 perlectum
1969 5426 2054 5479 natta
2069 5427 2145 5481 tw.
2157 5443 2235 5494 seqq.
2253 5443 2305 5494 pro

1379 5492 1432 5540 boc
1449 5492 1497 5544 tat.
1517 5492 1626 5542 nomine
1644 5493 1672 5541 et
1689 5493 1868 5556 subsequenti
1885 5495 1987 5545 babent
2005 5508 2123 5559 graeca:
2149 5513 2304 5565 asperan-

1381 5555 1444 5620 νός,
1461 5563 1676 5628 παρακείμενος.

1343 5643 1392 5709 71)
1410 5640 1509 5707 aaran]
1527 5648 1575 5697 Ed.
1592 5646 1666 5697 16³8.
1687 5639 1761 5707 ᾔδειν

1344 5731 1395 5797 73)
1412 5726 1596 5798 serenandas]
1615 5733 1657 5783 sio
1668 5732 1753 5782 llditt.
1772 5732 1852 5783 buius
1865 5734 1988 5785 orsum.
2006 5737 2035 5785 et
2055 5738 2079 5788 b.
2095 5737 2113 5786 l.
2133 5739 2162 5787 et
2179 5737 2207 5786 tn
2225 5738 2305 5789 textu

1380 5813 1426 5867 gr.
1444 5804 1617 5867 preeminens
1640 5802 1810 5866 apaullon.
1827 5802 1878 5855 Ed.
1893 5803 1985 5856 wat
1998 5805 2102 5869 legitur
2119 5799 2303 5874 σονοχιιίτε.

1739 5874 1787 5942 10
