5534 6700
360 545 451 686 us
937 600 1061 677 rou
1092 598 1209 675 uec
1239 580 1448 675 scurra
1477 596 1816 673 rruococrca
1877 550 1880 556 ’
2320 601 2399 676 ars

431 779 479 835 sio
496 779 599 845 petttur
616 777 737 839 coelum
758 783 815 824 rou
829 773 861 826 rt
878 773 953 827 teet
970 775 1064 828 ossen
1082 774 1237 840 olympus,

503 869 667 928 emaque
684 858 814 911 rolucus
833 859 928 911 sidere
945 863 1043 926 terget
1060 873 1138 925 oper.
1184 932 1186 936 Ι

412 971 550 1042 Adsero
707 962 850 1034 adserui
1004 965 1200 1071 adsertum.

670 1099 825 1168 Variant
850 1123 873 1168 a
899 1099 1041 1190 regula:

415 1220 513 1291 Gero
669 1218 762 1312 gessi
916 1231 1053 1310 gestum

412 1321 491 1393 Uro
671 1319 745 1392 ussi

414 1423 531 1494 Curro
674 1422 815 1503 cucurri
919 1446 1064 1495 cursum
1140 1460 1142 1466 v
1292 1418 1324 1513 g·

412 1526 529 1596 Verro
670 1525 768 1595 verri
922 1549 1078 1596 versum.
1181 1582 1187 1589 .
1280 1568 1288 1593 .

463 1645 572 1737 Apud
589 1642 783 1715 Catonem:
813 1640 943 1713 Villam
962 1666 1133 1715 converse
1150 1643 1354 1736 mundoque

362 1744 506 1820 babeat

464 1849 565 1921 Foro
583 1861 683 1919 caret
698 1847 893 1940 praeterito
909 1859 946 1917 et
960 1847 1089 1939 supino
1107 1843 1167 1944 ¹¹).

812 1982 884 2055 80.

466 2099 520 2171 lvi
532 2104 573 2171 fit
588 2101 627 2170 in
643 2102 861 2195 praeteritis,
888 2103 978 2172 itum
994 2102 1033 2171 in
1048 2101 1200 2195 supinis.

413 2219 566 2293 Lacesso
667 2219 831 2294 lacessivi
933 2219 1157 2306 lacessitum,
1207 2218 1316 2313 longa

385 2403 387 2409 Ι
978 2322 1192 2417 penultima.

414 2423 568 2495 Accerso
666 2424 836 2496 accersivi
935 2425 1159 2498 accersitum.

780 2558 933 2652 Excipe:

414 2681 503 2752 Viso
658 2679 726 2749 visi
880 2681 998 2751 visum

414 2781 555 2853 lucesso
649 2782 797 2864 incessi,
831 2783 929 2875 apud
951 2781 1114 2854 Livium:
1148 2783 1355 2869 incessero,

366 2889 465 2984 quod
480 2895 574 2954 certe
592 2886 639 2956 ab
654 2884 820 2955 incessivi
831 2885 910 2953 fieri
924 2907 1001 2954 non
1017 2889 1148 2978 potuit.

415 2988 567 3057 Facesso
678 2985 824 3068 lacessi,
849 2986 928 3056 siue¹
948 2989 1092 3080 supino.

416 3089 573 3179 capesso
632 3075 648 3095 ⁶
677 3086 832 3177 capessi,
859 3088 935 3158 sine
956 3090 1100 3182 supino.

416 3190 528 3261 Piuso
675 3189 771 3280 pinei
784 3187 831 3286 ¹¹)
880 3191 1028 3282 pistum.

764 3322 948 3421 uro.¹

916 1333 1038 1391 ustum
1300 1372 1349 1415 μ,
1464 1336 1469 1349 ·

1318 1478 1353 1544 -3
1458 1448 1551 1520 Vivo
1729 1450 1803 1521 vixi

1854 767 1932 842 VO.
2006 758 2010 768 ’

1508 888 1563 960 Vo
1578 890 1713 984 syllaba
1729 900 1891 963 mutatur
1913 889 1954 958 in
1978 888 2015 957 vi
2035 888 2209 982 syllabam
2233 889 2272 958 in
2297 915 2403 983 prae-

1405 991 1527 1063 terito.

1456 1092 1574 1163 Volvo

1456 1195 1566 1267 Solvo
1730 1195 1823 1273 solvi

1902 1091 1905 1095 ’
1979 1093 2143 1164 volutum

1984 1197 2154 1268 solutum.

1728 1095 1827 1166 volvi

1825 1331 1977 1423 Excipe:

1988 1449 2135 1520 victum.
2241 1512 2253 1539 ,

1861 1601 1940 1674 XO.

1458 1720 1560 1791 Taso
1714 1722 1812 1792 texui
1965 1726 2113 1792 textum.

1508 1822 1583 1895 Nec
1599 1823 1695 1893 enim
1710 1838 1794 1896 sunt
1810 1825 1879 1894 alia
1895 1820 2004 1895 huius
2019 1821 2298 1896 terminationis.

1854 1976 1944 2049 010.

1510 2092 1553 2164 ci
1567 2095 1753 2188 praeteriti
1768 2091 1953 2167 character
1968 2110 2039 2181 est,
2062 2108 2159 2168 ctum
2174 2094 2306 2192 supini.

1457 2192 1567 2266 Facio
1720 2200 1788 2268 feci
1941 2202 2075 2270 lactum

1459 2295 1555 2368 lacio
1722 2302 1789 2372 ieci
1942 2303 2088 2373 iactum.

1714 2420 1774 2492 Sic
1799 2435 1833 2492 et
1857 2421 2074 2516 composita:

1698 2538 1856 2612 'refeci
2009 2542 2181 2612 refectum

1750 2645 1865 2714 adieci
2008 2643 2197 2713 adiectum.

1457 2535 1593 2607 Relicio

1457 2636 1598 2710 Adlicio

1508 2749 1618 2829 facio
1634 2785 1715 2832 curn
1731 2756 1941 2834 nominibus
1963 2776 2026 2833 aut
2048 2759 2225 2832 adverbiis
2247 2784 2402 2852 compo·

1389 2928 1391 2939 ,
1407 2859 1514 2950 situm
1531 2884 1608 2932 non
1623 2876 1740 2934 mutat
1753 2889 1794 2942 a.
1819 2876 1880 2949 ut,
1903 2864 2091 2949 calefacio,
2116 2859 2313 2934 benefacio.

1509 2981 1543 3048 A
1560 2981 1702 3074 specio,
1729 2985 1885 3087 despicio
1902 2985 2046 3079 despexi
2061 2986 2282 3077 despectum.

1705 3100 1764 3172 Sic
1790 3103 1859 3173 alia
1888 3103 2101 3205 composita.

1510 3219 1545 3288 A
1561 3221 1676 3308 lacio,
1703 3222 1821 3297 allicio
1839 3227 1943 3296 alleri
1966 3227 2145 3296 allectum.
2198 3224 2269 3296 Sed
2293 3225 2399 3296 elicio

1409 3320 1515 3393 elicui
1536 3323 1640 3397 iacit
1691 3324 1833 3401 Livius:
1865 3328 1923 3399 Ad
1946 3328 2167 3425 colloquium
2192 3341 2312 3401 vatem
2336 3329 2415 3399 eli„

340 3476 342 3480 >
467 3440 510 3513 ln
523 3442 702 3539 plerisque
718 3444 922 3537 praeteritis
937 3408 1122 3515 character
1137 3459 1189 3519 est
1204 3448 1243 3519 ui
1264 3415 1356 3520 duae
1409 3423 1503 3509 ‘¹¹¹¹‘
1534 3437 1570 3498 ⁶¹
1592 3427 1758 3502 ⁸¹¹⁰¹¹¹¹¹¹¹
1771 3430 1959 3525 ⁸¹¹l¹¹¹¹¹¹¹¹¹2
1985 3428 2152 3503 ¹¹¹⁰¹¹¹¹¹¹
2175 3425 2323 3530 [Ρ118ῐῶ
2339 3427 2403 3519 ¹¹¹5

366 3547 534 3643 syllabae.
584 3552 587 3558 '

417 3650 519 3719 Meto

417 3752 536 3823 Sterto

673 3649 807 3720 messui
884 3655 891 3676 '
961 3655 1118 3722 messum*

674 3753 819 3842 stertui,
846 3751 923 3821 sine
945 3754 1089 3843 supino.
1215 3761 1220 3768 '

416 3851 531 3926 Necto
673 3852 783 3923 nexui
798 3866 833 3922 et
849 3852 933 3924 nexi
950 3875 1082 3926 nexum

417 3956 528 4025 Pecto
678 3955 785 4048 perui
801 3967 836 4026 et
852 3955 935 4049 pexi
951 3979 1101 4048 pexum,
1192 3975 1194 3980 '

365 4059 460 4152 Naro
474 4056 682 4128 terminatio
705 4058 741 4128 xi
763 4059 799 4128 in
822 4059 1024 4152 praeteritis
1048 4056 1135 4135 κατ’
1149 4054 1358 4160 ἀναλογίαν

250 4206 254 4214 ·
364 4162 463 4256 parit
476 4184 561 4232 rum
578 4160 617 4229 in
633 4160 783 4254 supinis.

786 4299 936 4392 Excipe:

413 4417 535 4486 Flecto
645 4417 728 4488 flexi
831 4420 962 4490 flexum

393 4518 540 4589 ¹Plecto
643 4519 757 4612 plexi,
790 4524 851 4591 sed
872 4523 1041 4613 usurpari
1062 4522 1180 4594 desiit.

417 4620 531 4691 Verto
641 4622 734 4692 verti
836 4647 979 4693 versum

286 4798 295 4823 ι
416 4723 509 4795 Peto
636 4725 750 4817 petivi
831 4726 983 4818 petitum
1052 4748 1055 4756 “

416 4827 559 4897 Mitto
642 4830 725 4899 misi
835 4830 996 4902 missum.

470 4930 565 5000 Sisto
587 4939 774 5002 mutuatur
797 4957 815 5000 a
840 4944 958 5003 statuo
981 4930 1215 5026 praeteritum
1236 4942 1357 5001 statur.

366 5030 503 5102 Gellius
518 5032 606 5102 dicit
618 5033 694 5104 stiti
708 5036 941 5127 praeteritum
956 5031 1063 5106 huius
1082 5032 1182 5104 verbi
1196 5031 1316 5105 fuisse.

471 5150 679 5244 Composita
692 5153 1139 5248 imitantur·praeteritum
1162 5151 1264 5223 verbi
1289 5163 1357 5237 sto,

367 5252 494 5322 resisto
519 5254 633 5325 restiti
649 5253 709 5355 ¹¹).

373 5410 433 5420 ...η
457 5412 577 5418 .-..-...-

403 5489 450 5548 to)
467 5487 543 5539 Foro
559 5514 595 5525 -
612 5485 724 5555 supino]
742 5486 828 5541 Edttt.
845 5485 939 5551 tut„
965 5499 989 5537 s.
1002 5496 1045 5537 c:
1077 5483 1152 5536 furo
1175 5483 1358 5548 ttesyttcbuu

437 5558 497 5623 eet,
521 5559 601 5609 caret
618 5555 772 5620 prsetertto
789 5559 819 5607 et
835 5554 944 5615 soptno.
988 5554 1045 5605 set
1069 5556 1226 5604 nutuonur
1249 5552 1359 5604 bunt·

438 5630 495 5677 tun
513 5624 579 5693 (Ed.
592 5640 618 5679 s.
630 5638 673 5679 c:
697 5625 753 5677 sed
770 5627 837 5674 mut.
855 5622 976 5673 tusamvl
992 5625 1021 5673 ct
1038 5623 1214 5681 boeottun).

402 5710 449 5777 tt)
467 5713 556 5775 pluet]
574 5712 626 5763 tte
638 5724 662 5760 o.
675 5722 716 5761 a:
741 5710 835 5774 ptocul

350 5805 352 5810 ·
402 5798 451 5854 tt)
468 5796 649 5859 ltdltttbtt„
666 5807 691 5846 s.
704 5806 731 5848 o.
744 5794 864 5850 addunt:
887 5790 1012 5845 museto
1021 5792 1146 5859 contu,
1163 5791 1236 5845 aas
1249 5791 1361 5869 mto,

1409 3524 1533 3628 932J:
1572 3528 1681 3604 Virus
1699 3532 1857 3605 elicitum
1874 3534 2080 3629 iussumque
2097 3534 2194 3623 exire
2211 3547 2402 3629 repugnat.

1678 3683 1776 3760 DlO.
2033 3683 2131 3758 (310.

1512 3800 1581 3886 Di,
1607 3805 1661 3896 gi,
1687 3801 1909 3878 characteres
1922 3820 2007 3879 suut
2024 3806 2316 3898 praeteritorum.

1460 3902 1577 3975 Fodio
1730 3908 1808 3978 sodi
1960 3911 2095 3980 fossum

1458 4004 1592 4100 Fugio·
1726 4011 1802 4104 fugi
1955 4011 2121 4103 fugitum.

1752 4227 1758 4240 .
1858 4161 1952 4235 1³10.

1512 4279 1562 4349 Ui
1577 4281 1669 4354 duae
1681 4282 1860 4376 syllabae,
1887 4278 2073 4354 character
2085 4286 2271 4377 praeteriti
2289 4299 2353 4360 est.

1461 4379 1581 4474 Rapio
1734 4385 1841 4478 rapui
1996 4399 2141 4478 raptum

1461 4482 1571 4577 Sapio
1736 4488 1860 4581 sapui,
1892 4488 2137 4583 sinoaesupino.
2220 4503 2227 4511 '

1828 4624 1979 4719 Excipe:

1461 4743 1576 4837 Capio
1739 4744 1819 4838 cepi
1972 4758 2127 4836 captum¹

1462 4845 1579 4939 Cupio
1733 4846 1854 4940 cupivi
1975 4847 2147 4939 cupitum.

1853 4996 1950 5071 mo,

1725 5118 1851 5212 peperi
2003 5132 2162 5211 parturn.

1855 5266 1954 5342 '1⁸10.

1751 5388 1872 5483 quassi

1744 5521 1831 5630 lude
1852 5527 2068 5621 composita:

1460 5643 1599 5715 locutio
1753 5646 1887 5719 incussi
2040 5648 2221 5717 incussum

1459 5739 1637 5843 Percutio
1754 5752 1912 5841 percussi
2044 5774 2263 5860 percussupp·

1460 5119 1569 5191 Pario

1461 5388 1596 5484 Quaoo

2025 5412 2207 5485 quassum.
