5534 6700
448 573 526 653 sor
851 606 854 613 ·
1065 500 1860 641 en1u.uau.scatrrsu1sromua
2408 579 2487 661 ω.

447 750 583 831 caudis,
607 743 809 838 praeditum
829 762 922 822 esse,
945 751 981 808 et
993 753 1151 810 caeteras
1165 739 1315 810 virtutes
1328 734 1439 807 habe·
1461 739 1467 759 '
1487 733 1658 805 Carolurn
1680 734 2126 827 singulari'moderatione
2155 759 2307 818 naturae
2337 757 2485 842 praedi-

447 876 488 923 re
510 852 609 921 bono
630 861 666 918 et
682 867 813 935 magno
834 841 996 933 principe
1014 843 1159 935 dignas,
1184 853 1438 912 statueremus·
1486 850 1563 908 tum
1588 860 1681 919 esse,
1715 837 1980 934 maximequea
2006 846 2199 941 superbia,
2224 851 2394 937 saevitia,
2420 884 2483 930 cu.

449 979 519 1050 que
553 951 616 1022 tali
644 947 847 1040 praeditum
876 957 1027 1031 natura,
1063 969 1148 1038 opes
1177 957 1212 1013 et
1235 943 1435 1035 potentiam
1487 939 1636 1031 piditate
1661 936 1814 1011 iniustae
1837 941 2097 1018 dominationis
2121 946 2330 1027 abhorrere.
2380 956 2485 1032 Esset

448 1081 549 1131 suam
568 1053 825 1123 collocaturum
843 1071 937 1132 esse,
962 1071 1038 1117 non
1055 1050 1100 1117 ad
1123 1048 1348 1130 nocendum,
1374 1046 1436 1116 sed
1489 1042 1584 1111 enim
1607 1041 1837 1114 formidanda
1861 1043 1984 1116 liberis
2011 1060 2112 1119 tanta
2138 1057 2322 1144 potentia,
2366 1078 2486 1133 essem

448 1162 493 1231 ad
510 1149 661 1229 salutern
678 1149 828 1222 humani
844 1150 1003 1242 generis:
1033 1151 1153 1242 potius
1169 1149 1335 1220 duximus
1358 1162 1437 1219 tan·
1488 1145 1701 1215 metuendae
1714 1142 1861 1238 Imperii
1876 1159 1912 1217 et
1933 1149 2030 1223 orbis
2053 1163 2232 1227 terrarum
2252 1183 2382 1250 graves
2404 1191 2483 1237 mu·
2547 1193 2549 1196 ⁴

447 1262 493 1335 tia
525 1260 739 1330 instructum
777 1253 913 1324 viribus
946 1251 1148 1345 eligendum
1183 1276 1277 1336 esse,
1325 1276 1436 1346 quarn
1489 1247 1662 1333 tationes,
1686 1247 1758 1321 uisi
1772 1261 1924 1320 naturae
1938 1251 2100 1325 bonitate
2117 1270 2153 1327 et
2175 1259 2307 1331 timore
2322 1263 2393 1334 Dei
2418 1293 2484 1359 po-

447 1364 557 1435 alium
574 1357 629 1431 bis
647 1355 854 1452 necessariis
869 1355 1056 1447 praesidiis
1072 1355 1295 1427 destitutum.
1488 1349 1638 1420 tentiam
1661 1351 1912 1423 moderaturus
1934 1353 2129 1431 videretur.
2178 1361 2288 1454 Quod
2307 1381 2348 1437 ut
2362 1394 2482 1460 spere.

549 1463 628 1533 lloc
657 1460 807 1535 consilio
832 1458 1034 1530 censuimus
1063 1459 1151 1529 boni
1173 1455 1347 1551 principis
1371 1479 1436 1548 po·
1487 1478 1589 1536 mus,
1615 1453 1834 1545 gravissimis
1851 1459 2071 1547 argumentis
2097 1464 2324 1540 adducimur.
2371 1469 2481 1543 ludo-

448 1568 599 1639 tentiam
623 1564 816 1636 autoritate
837 1563 1049 1631 armandam
1064 1587 1149 1634 esse.
1200 1560 1248 1631 Et
1261 1559 1436 1655 quoniam
1486 1557 1537 1627 les
1555 1555 1652 1625 enim
1674 1555 1786 1647 ipsius
1808 1558 1950 1651 penitus
1973 1561 2078 1634 nobis
2104 1582 2290 1659 perspecta
2314 1585 2385 1658 est,
2418 1600 2481 1645 co·

446 1695 515 1751 nos
536 1694 613 1741 non
633 1681 774 1739 tantum
799 1664 1038 1749 Germaniae,
1076 1666 1137 1736 sed
1162 1664 1331 1734 universo
1356 1659 1437 1729 orbi
1487 1656 1748 1752 gnovimusque
1777 1684 1860 1730 eum
1890 1655 2025 1733 habere
2049 1667 2196 1738 infixam
2227 1673 2351 1744 animo
2379 1677 2483 1747 miri·

447 1787 625 1847 terrarum
641 1771 826 1843 consulere
839 1768 1029 1850 debemus,
1054 1768 1147 1838 vires
1170 1765 1435 1859 comparandae
1488 1763 1590 1830 licam
1611 1762 1851 1831 reverentiam
1867 1786 1950 1855 erga
1973 1767 2206 1860 religionem,
2232 1776 2339 1844 tidem
2357 1792 2481 1870 pacto·

446 1890 531 1948 sunt
564 1877 733 1944 adversus
762 1869 1023 1941 valentissimos
1048 1865 1186 1953 hostes,
1226 1893 1303 1937 non
1324 1867 1434 1935 modo
1486 1887 1568 1934 rum
1599 1864 1885 1937 constantissime
1919 1883 2120 1958 praestare,
2161 1888 2196 1945 et
2222 1901 2244 1945 a
2269 1882 2480 1951 crudelitate

446 1977 682 2060 Germaniae,
708 1976 769 2048 sed
788 1973 897 2045 totius
913 1969 1109 2044 Christiani
1122 1971 1292 2043 nominis.
1336 1969 1435 2037 Tan·
1487 1989 1598 2063 quam
1615 1965 1771 2038 maxime
1794 1963 2001 2042 abhorrere.
2056 1972 2151 2044 Sunt
2167 1991 2287 2051 autem
2313 1985 2480 2055 omnium

447 2083 493 2157 tis
514 2078 760 2161 incrementis,
787 2089 822 2146 et
842 2089 915 2146 tam
931 2075 1077 2159 subitis,
1103 2100 1218 2146 annus
1232 2075 1305 2142 iam
1322 2073 1435 2141 ferme
1486 2067 1706 2163 reliquarum
1723 2069 1897 2142 virtutum
1915 2073 2090 2161 nutrices,
2115 2079 2260 2171 religio,
2287 2086 2421 2156 veritas
2443 2102 2481 2156 et

447 2197 590 2259 oentum
607 2195 730 2253 auctae
744 2192 829 2252 suut
843 2204 899 2250 res
915 2179 1137 2262 Turcarum,
1163 2191 1203 2249 ut
1217 2174 1355 2246 nemini
1370 2176 1436 2245 du·
1488 2172 1736 2243 mansuetudo.

446 2289 547 2365 bium
571 2311 645 2357 esse
668 2283 800 2376 possit,
834 2307 895 2352 eos
914 2279 1110 2375 Imperium
1135 2280 1232 2351 orbis
1254 2292 1435 2348 terrarum
1588 2271 1729 2345 Deinde
1744 2274 1903 2344 familiae
1919 2290 2048 2348 natura
2064 2306 2273 2371 movemur,
2299 2311 2392 2381 quae
2406 2287 2479 2358 lm-

446 2392 516 2465 sibi
531 2389 714 2483 polliceri,
739 2409 814 2455 non
831 2387 941 2455 modo
966 2397 1115 2475 propter
1138 2383 1270 2453 virium
1295 2377 1435 2473 magni·
1485 2375 1626 2466 perium
1650 2377 1725 2445 iarn
1748 2400 1862 2447 annos
1884 2377 1964 2468 plus
1990 2384 2170 2477 octoginta
2195 2388 2245 2455 ita
2268 2389 2405 2474 tenuit,
2438 2405 2480 2463 ut

446 2494 630 2574 tudinem„
656 2491 718 2561 sed
732 2489 845 2559 multo
866 2488 977 2579 magis
995 2499 1143 2579 propter
1166 2485 1357 2556 inusitatos
1381 2494 1435 2551 at·
1486 2481 1649 2548 nondum
1672 2478 1857 2571 poenitere
1883 2504 1951 2553 nos
1968 2483 2243 2561 Austriacurum
2273 2492 2477 2584 principum
2567 2572 2570 2576 ,

447 2622 517 2695 que
531 2593 759 2666 admirabiles
775 2615 965 2662 successus.
1001 2588 1048 2657 Et
1061 2601 1101 2659 ut
1115 2589 1322 2659 omittamus
1336 2583 1435 2677 prio·
1486 2582 1625 2652 debm.
1696 2579 1863 2674 inprimis
1886 2585 1982 2653 enim
2006 2589 2135 2661 enituit
2160 2593 2201 2663 in
2231 2607 2403 2690 utroque,
2437 2598 2476 2665 in

445 2726 507 2781 ra,
545 2698 709 2791 Solymus
734 2717 850 2786 nuper
871 2716 947 2763 non
968 2692 1102 2761 minori
1132 2689 1284 2773 virtute,
1324 2712 1433 2782 quam
1486 2708 1555 2753 avo
1572 2696 1607 2753 et
1620 2708 1779 2775 proavo,
1798 2685 1927 2755 eximia
1944 2691 2145 2764 moderatio
2162 2709 2198 2766 et
2210 2696 2355 2780 lenitas,
2383 2723 2477 2792 quae

444 2803 613 2877 felicitate
628 2797 776 2881 Persas,
802 2809 906 2865 antea
927 2795 1099 2881 invictos,
1134 2793 1269 2886 ingenti
1295 2789 1433 2882 praelio
1486 2786 1631 2881 quidem
1648 2786 1685 2855 in
1694 2787 1942 2858 Maximiliano
1952 2790 2103 2865 Caesare
2116 2822 2192 2868 non
2205 2812 2347 2891 poterat
2359 2802 2478 2892 segni-

445 2902 648 2999 superarit,
671 2914 707 2971 et
723 2924 766 2969 ex
780 2899 961 2968 Armenia·
971 2896 1085 2967 eiecit.
1137 2897 1277 2966 Deinde
1294 2894 1434 2965 duobus
1486 2889 1552 2959 ties
1568 2889 1694 2960 videri.
1736 2889 1853 2961 Nemo
1870 2892 1966 2961 enim
1985 2911 2064 2967 erat
2081 2900 2143 2970 illo
2161 2902 2199 2972 in
2218 2903 2329 2974 armis
2346 2905 2477 2976 acrior.

446 3004 675 3100 amplissimis
698 3002 817 3092 regnis
838 2999 942 3095 Syria
967 3012 1002 3068 et
1017 2999 1181 3094 Aegypto
1206 2998 1342 3091 potitus
1369 3008 1434 3066 est.
1486 2991 1638 3085 Quoties
1666 2992 1778 3063 armis
1807 2993 1992 3066 dimicavit
2023 2999 2117 3092 ipse!
2176 3005 2327 3098 Quoties
2356 3007 2477 3099 parvis

445 3110 493 3181 Et
508 3110 545 3178 in
562 3107 700 3176 oriente
716 3100 861 3195 lmperii
877 3101 1022 3171 Turcici
1038 3103 1188 3172 limitem
1205 3126 1287 3171 eum
1303 3097 1435 3168 consti·
1486 3094 1599 3187 copiis
1613 3094 1774 3186 ingentes
1796 3096 1889 3167 ludit
1909 3102 2100 3175 exercitus!
2151 3107 2347 3203 Nunquam
2362 3111 2478 3183 fortu-

446 3213 535 3295 tuit,
560 3209 624 3304 qui
645 3207 830 3302 quondam
850 3204 1009 3273 Romani
1032 3203 1179 3298 lmperii
1201 3205 1330 3274 fuerat.
1382 3200 1435 3269 Ac
1485 3192 1555 3265 nai
1577 3199 1830 3269 succumbebat
1851 3199 1927 3272 eius
1949 3205 2102 3279 animus.
2152 3210 2292 3283 Rursus
2307 3210 2347 3280 in
2366 3212 2478 3285 victo·

446 3326 584 3388 tantam
602 3309 754 3404 gloriam
768 3319 1007 3402 consequutus
1025 3320 1096 3393 est,
1121 3320 1162 3378 ut
1176 3306 1331 3378 maiores
1351 3327 1434 3376 suus
1485 3301 1561 3384 ria,
1585 3298 1625 3369 in
1641 3313 1723 3395 toga
1747 3301 1955 3378 mitissimus
1972 3322 2060 3382 crat.
2100 3309 2148 3383 Et
2168 3317 2267 3410 quod
2287 3315 2478 3408 singularis

445 3442 522 3490 non
538 3417 653 3489 solum
672 3412 773 3503 regni
788 3410 1048 3504 amplitudine,·
1064 3414 1126 3482 sed
1144 3412 1251 3481 etiam
1266 3408 1433 3478 felicitate
1478 3416 1564 3474 erat
1590 3405 1824 3495 prudentiae,
1864 3410 2059 3503 praecipuo
2084 3418 2204 3488 studio
2229 3420 2398 3505 cavebat,
2431 3444 2476 3490 ne

445 3543 615 3614 superare
631 3517 807 3587 videatur.
857 3513 950 3594 Nam
968 3526 1004 3584 et
1019 3527 1122 3606 pater
1144 3526 1179 3584 et
1204 3537 1293 3583 avus
1305 3505 1434 3580 Maho·
1485 3507 1669 3577 iracundia
1695 3508 1862 3584 incitatus
1890 3515 2078 3603 praeberet
2107 3522 2331 3592 occasionem
2360 3535 2477 3594 muta·

445 3625 577 3707 metes,
599 3646 682 3691 cum
698 3618 843 3713 quidem
865 3619 938 3686 dux
953 3630 1042 3687 esset
1059 3641 1151 3689 unus
1172 3615 1334 3686 omnium
1359 3613 1434 3683 eius
1485 3608 1644 3682 tionibus
1661 3610 1840 3683 Ecclesiae
1862 3627 1925 3685 aut
1944 3612 2102 3709 lmperii.

447 3725 574 3798 aetatis
588 3721 784 3794 acerrimus
804 3732 840 3789 et
863 3720 1104 3805 felicissimus,
1131 3745 1212 3792 cum
1237 3728 1435 3789 tentassent
1587 3714 1644 3785 Ab
1661 3710 1730 3783 buc
1743 3729 1958 3810 prognatum
1976 3718 2168 3809 Catulum,
2193 3727 2324 3797 referre
2338 3727 2474 3796 avitam

446 3827 610 3923 Syriam,
650 3823 803 3914 acceptis
832 3822 972 3913 magnis
994 3822 1217 3894 detrimentis
1239 3821 1323 3890 inde
1350 3832 1435 3892 sunt
1485 3817 1770 3889 moderationem
1785 3819 2134 3912 animadvertimus,
2147 3841 2183 3897 et
2198 3854 2240 3899 ea
2260 3854 2334 3901 esse
2354 3831 2476 3922 gravi-

444 3928 592 4024 repulsi.
641 3925 879 4019 AtSelymus,
903 3925 1053 3995 velutin
1069 3927 1194 3996 eodem
1212 3949 1330 4010 cursu,
1350 3949 1434 4016 pro·
1485 3932 1557 3990 tate
1582 3922 1786 4013 praeditum
1810 3923 1961 4010 scimm,
1999 3940 2041 3997 ut
2068 3929 2212 4003 intuens
2233 3932 2272 4002 in
2293 3933 2476 4012 maiorum

443 4034 567 4125 fligato
583 4030 727 4101 Persico
749 4027 924 4111 exercitu,
949 4028 1090 4122 Syriam
1107 4042 1215 4124 atque
1229 4028 1433 4121 Aegyptum
1485 4024 1646 4118 exempla
1662 4026 1798 4097 nonsit
1819 4029 2096 4116 commissurus,
2123 4046 2164 4103 ut
2180 4035 2225 4104 ab
2239 4034 2311 4110 illis
2325 4038 2478 4129 degene-

444 4160 520 4208 non
535 4134 612 4208 sine
625 4133 800 4203 acerrima
813 4130 1043 4201 dimicatione
1056 4131 1095 4200 in
1105 4143 1317 4222 potestatem
1331 4154 1433 4201 suam
1484 4150 1581 4198 rasse
1597 4128 1757 4214 dicatur,
1782 4142 1823 4200 ut
1836 4128 1971 4203 alienos
1989 4157 2120 4219 mores,
2144 4136 2313 4230 mdignos
2329 4139 2479 4210 maiori·

443 4237 592 4331 redegit.
658 4236 784 4322 Hunc,
822 4259 904 4304 cum
924 4246 1055 4305 natura
1078 4234 1214 4326 gloriae
1237 4232 1433 4305 immensae
1484 4232 1563 4314 bus,
1578 4231 1813 4316 accersivisse,
1830 4247 1870 4302 ut
1883 4234 2021 4326 primus
2035 4238 2300 4312 laudatissimae
2317 4242 2477 4314 familiae

444 4342 595 4436 cupidus
610 4339 676 4423 sit,
701 4363 776 4408 non
791 4337 944 4409 accessio
959 4339 1105 4423 virium,
1130 4363 1206 4407 non
1220 4336 1433 4428 magnitudo
1485 4348 1609 4406 notam
1630 4335 1819 4427 superbiae
1844 4348 1880 4406 et
1900 4340 2120 4413 crudelitatis
2140 4342 2307 4416 inussisse
2326 4346 2479 4418 seratur.

443 4468 667 4519 successuum
681 4441 847 4512 incitaret
863 4442 908 4509 ad
923 4466 980 4511 res
996 4443 1151 4513 maiores
1166 4438 1433 4534 suscipiendas?
1486 4439 1653 4510 Meminit
1674 4440 1782 4510 etiam
1805 4442 1864 4508 nvi
1885 4457 2075 4535 praecepta
2099 4448 2143 4516 de
2166 4447 2297 4516 timore
2314 4446 2405 4533 Dei,
2430 4450 2477 4519 de

442 4545 506 4622 llle
530 4571 617 4617 vero
638 4546 711 4614 iam
736 4543 920 4614 classicum
948 4544 1095 4630 cecinit,
1137 4557 1173 4614 et
1200 4544 1375 4615 exercitus
1394 4544 1433 4614 in
1485 4566 1571 4613 cura
1593 4545 1748 4616 tuendae
1765 4542 1968 4635 religionis,
1994 4549 2039 4616 de
2055 4548 2261 4619 clementia:
2296 4576 2410 4643 quac,
2436 4564 2478 4622 ut

441 4649 670 4725 Pannoniam
685 4648 795 4719 misit.
1485 4649 1605 4731 decet,
1630 4647 1730 4719 velut
1748 4647 1893 4718 oracula
1911 4650 2090 4723 observat.

546 4753 718 4823 Videmus
748 4763 867 4825 autem
899 4752 973 4818 lato
997 4753 1154 4845 quodam
1179 4747 1248 4822 boc
1269 4767 1433 4846 tempore
1587 4750 1827 4845 Quanquam,
1861 4750 1949 4844 quid
1969 4778 2061 4845 opus
2083 4769 2136 4826 est
2153 4755 2260 4847 longa
2284 4754 2476 4826 oratione?

442 4858 531 4928 duas
565 4854 849 4926 bellicosissimas
877 4853 1056 4926 ¹nationes
1074 4876 1076 4882 ·
1096 4854 1304 4927 coniunctas
1346 4881 1433 4942 esse,
1484 4855 1560 4926 lam
1578 4852 1758 4949 specimen
1772 4853 1969 4925 industriae
1992 4868 2028 4925 et
2050 4855 2222 4928 virtutum
2241 4858 2394 4930 aliarum
2412 4861 2478 4929 de·

442 4957 696 5029 Germanicam
720 4970 756 5027 et
782 4955 1026 5049 Hispanicam.
1084 4958 1137 5025 Ac
1161 4970 1259 5027 tenet
1281 4958 1433 5030 Carolus
1485 4960 1539 5031 dit
1570 4959 1608 5029 in
1638 4955 1825 5051 Hispania.
1890 4956 1970 5027 Avo
2000 4957 2075 5029 eius
2106 4973 2271 5032 materno
2305 4961 2478 5047 extincto,

442 5083 610 5151 magnam
626 5058 750 5130 ltaliae
766 5074 918 5151 partem.
970 5057 1095 5153 ltaque
1115 5059 1146 5131 si
1168 5061 1330 5132 omnium
1348 5087 1433 5154 gen·
1485 5063 1607 5156 magni
1623 5074 1743 5133 motus
1758 5059 1798 5130 in
1814 5083 1940 5151 regno,
1967 5072 2003 5130 et
2019 5060 2139 5134 civiles
2155 5064 2355 5136 discordiae
2372 5076 2478 5134 erant

442 5163 532 5236 tium
552 5162 708 5234 consiliis
722 5165 794 5234 dux
809 5166 978 5234 adversus
991 5160 1129 5233 Turcas
1145 5162 1314 5254 legendus
1331 5178 1433 5250 esset,
1485 5179 1641 5237 exortae.
1675 5163 1749 5235 Has
1766 5165 1923 5234 adventu
1935 5187 2001 5236 suo
2015 5166 2202 5257 repressit;
2229 5192 2382 5261 cumque
2398 5168 2477 5242 eius

440 5261 538 5336 baud
556 5265 663 5336 dubie
678 5265 840 5337 omnium
855 5266 948 5338 votis
963 5278 1200 5359 expeteretur,
1218 5280 1253 5337 et
1268 5269 1432 5340 omnium
1484 5268 1643 5341 nationis
1674 5266 1818 5359 ingenia
1847 5266 2117 5339 bellicosissima
2140 5270 2233 5354 sint,
2276 5283 2313 5342 et
2334 5282 2474 5340 exteros

440 5368 620 5459 suffragiis
634 5362 881 5459 designaretur
895 5366 1097 5461 Imperator
1112 5368 1274 5444 Carolus.
1309 5369 1432 5465 Quare
1484 5371 1652 5443 dominos
1672 5394 1749 5441 non
1776 5370 1880 5442 facile
1907 5371 2114 5463 patiantur,
2153 5385 2276 5444 tamen
2299 5373 2376 5466 ipse
2397 5394 2473 5442 non

442 5484 479 5543 et
492 5496 557 5543 vos
572 5484 607 5541 et
621 5471 811 5566 plerasque
829 5472 917 5541 alias
932 5486 1075 5563 gentes,
1097 5497 1195 5568 quae
1221 5500 1300 5546 cum
1315 5473 1432 5568 lmpe·
1483 5489 1558 5548 tam
1577 5473 1709 5558 armis,
1735 5497 1844 5567 quam
1867 5472 2028 5559 virtutis,
2054 5499 2096 5545 ac
2118 5476 2310 5569 praecipue
2332 5474 2472 5546 bonita-

441 5574 498 5644 rio
531 5587 656 5645 nostro
693 5575 861 5644 societate
889 5587 953 5645 aut
980 5575 1187 5649 foederibus
1219 5578 1431 5649 coniunctae
1484 5577 1529 5650 tis
1554 5575 1815 5672 admiratione,
1854 5589 1968 5648 totam
1991 5576 2205 5670 Hispaniam
2227 5603 2324 5651 nunc
2346 5578 2395 5648 ita
2416 5600 2475 5647 re·

440 5689 546 5762 suut,
571 5702 758 5769 speramus
775 5676 947 5748 iudicium
964 5690 1129 5761 nostrum
1151 5705 1293 5752 summo
1310 5679 1431 5752 studio
1483 5680 1574 5752 tinet
1588 5680 1627 5750 in
1644 5680 1782 5766 officio,
1807 5692 1849 5753 ut
1862 5705 1970 5752 nemo
1986 5679 2125 5773 Regum
2142 5705 2301 5777 unquam
2318 5695 2394 5752 tam
2411 5704 2477 5773 pa·

440 5781 658 5870 probaturos
685 5805 779 5854 esse:
815 5780 1026 5874 praesertim
1050 5807 1129 5853 curn
1155 5807 1281 5858 omnes
1305 5782 1432 5856 norint
1483 5796 1598 5856 catam
1617 5785 1785 5856 tenuerit.
1834 5783 1957 5879 Quare
1974 5797 2148 5880 quantum
2165 5779 2376 5858 humanitus
2389 5809 2483 5877 pro-
